{"meta":{"exchange":"MEXC","market":"FUTURES","symbol":"BTC_USDT","generated_at":"2026-02-12T16:06:37Z"},"marketInfo":{"priceUnit":0.1,"volUnit":1,"minVol":1,"contractSize":0.0001,"priceScale":1,"volScale":0,"maxLeverage":500},"price":{"ticker":{"contractId":10,"symbol":"BTC_USDT","lastPrice":66847.6,"bid1":66844.9,"ask1":66845,"volume24":253175383,"amount24":1705726096.71213,"holdVol":580498032,"lower24Price":65839.8,"high24Price":68381.5,"riseFallRate":-0.0038,"riseFallValue":-255.9,"indexPrice":66868.58,"fairPrice":66841.1,"fundingRate":-1.5e-05,"maxBidPrice":73555.4,"minAskPrice":60181.7,"timestamp":1770912395755,"riseFallRates":{"zone":"UTC+8","r":-0.0038,"v":-255.9,"r7":-0.0089,"r30":-0.2843,"r90":-0.309,"r180":-0.4316,"r365":-0.3019},"riseFallRatesOfTimezone":[0.0053,-0.0029,-0.0038]},"funding":{"symbol":"BTC_USDT","fundingRate":-1.5e-05,"maxFundingRate":0.0018,"minFundingRate":-0.0018,"collectCycle":8,"nextSettleTime":1770940800000,"timestamp":1770912398089},"index":{"symbol":"BTC_USDT","indexPrice":66875.81,"timestamp":1770912398325},"fair":{"symbol":"BTC_USDT","fairPrice":66850.4,"timestamp":1770912398810}},"metrics":{"openInterestNow":580498032,"oiHistory":[{"t":1770912401298,"lastPrice":66856.5,"bid1":66854.4,"ask1":66856.5,"holdVol":580396416,"fundingRate":-1.5e-05,"indexPrice":66875.97,"fairPrice":66850.4},{"t":1770912403700,"lastPrice":66856.8,"bid1":66856.7,"ask1":66856.8,"holdVol":580487433,"fundingRate":-1.5e-05,"indexPrice":66879.75,"fairPrice":66856.7},{"t":1770912406193,"lastPrice":66858.5,"bid1":66865.7,"ask1":66865.8,"holdVol":580463097,"fundingRate":-1.5e-05,"indexPrice":66885.19,"fairPrice":66858.1},{"t":1770912408902,"lastPrice":66889,"bid1":66893.7,"ask1":66893.8,"holdVol":580355616,"fundingRate":-1.5e-05,"indexPrice":66912.22,"fairPrice":66884.9},{"t":1770912411318,"lastPrice":66909,"bid1":66909,"ask1":66909.1,"holdVol":580258963,"fundingRate":-1.5e-05,"indexPrice":66943.66,"fairPrice":66916.4},{"t":1770912413740,"lastPrice":66882.2,"bid1":66880,"ask1":66880.1,"holdVol":579879648,"fundingRate":-1.5e-05,"indexPrice":66911.43,"fairPrice":66885},{"t":1770912416165,"lastPrice":66882.2,"bid1":66880,"ask1":66880.1,"holdVol":579879648,"fundingRate":-1.5e-05,"indexPrice":66911.43,"fairPrice":66885},{"t":1770912418797,"lastPrice":66861.7,"bid1":66861.7,"ask1":66861.9,"holdVol":580489324,"fundingRate":-1.5e-05,"indexPrice":66894.34,"fairPrice":66866.9},{"t":1770912421206,"lastPrice":66861.1,"bid1":66861,"ask1":66861.1,"holdVol":580655443,"fundingRate":-1.5e-05,"indexPrice":66889.9,"fairPrice":66862.6},{"t":1770912423885,"lastPrice":66859.2,"bid1":66859.1,"ask1":66859.2,"holdVol":580682208,"fundingRate":-1.3e-05,"indexPrice":66882.54,"fairPrice":66859.2},{"t":1770912426290,"lastPrice":66816.8,"bid1":66810,"ask1":66810.1,"holdVol":580728864,"fundingRate":-1.3e-05,"indexPrice":66867.42,"fairPrice":66840.1},{"t":1770912428710,"lastPrice":66837.4,"bid1":66837.4,"ask1":66837.5,"holdVol":580989033,"fundingRate":-1.3e-05,"indexPrice":66873.76,"fairPrice":66846.4},{"t":1770912431389,"lastPrice":66837.4,"bid1":66837.4,"ask1":66837.5,"holdVol":580989033,"fundingRate":-1.3e-05,"indexPrice":66873.76,"fairPrice":66846.4},{"t":1770912434484,"lastPrice":66854.7,"bid1":66854.5,"ask1":66854.6,"holdVol":581026108,"fundingRate":-1.3e-05,"indexPrice":66861.03,"fairPrice":66833.7},{"t":1770912436970,"lastPrice":66836.6,"bid1":66836.6,"ask1":66836.7,"holdVol":580987363,"fundingRate":-1.3e-05,"indexPrice":66854.56,"fairPrice":66832.1},{"t":1770912439692,"lastPrice":66795.5,"bid1":66791.9,"ask1":66792,"holdVol":580771824,"fundingRate":-1.3e-05,"indexPrice":66829.1,"fairPrice":66801.8},{"t":1770912442357,"lastPrice":66752.9,"bid1":66752.9,"ask1":66753,"holdVol":580270809,"fundingRate":-1.3e-05,"indexPrice":66780.94,"fairPrice":66765},{"t":1770912444777,"lastPrice":66720.1,"bid1":66720,"ask1":66720.1,"holdVol":580968374,"fundingRate":-1.3e-05,"indexPrice":66756.34,"fairPrice":66741.1},{"t":1770912447184,"lastPrice":66705,"bid1":66696.1,"ask1":66698.6,"holdVol":581304710,"fundingRate":-1.3e-05,"indexPrice":66733.73,"fairPrice":66706.3},{"t":1770912449826,"lastPrice":66682,"bid1":66685,"ask1":66685.1,"holdVol":581008080,"fundingRate":-1.3e-05,"indexPrice":66729.49,"fairPrice":66702.5},{"t":1770912452228,"lastPrice":66682,"bid1":66685,"ask1":66685.1,"holdVol":581008080,"fundingRate":-1.3e-05,"indexPrice":66729.49,"fairPrice":66702.5},{"t":1770912454627,"lastPrice":66673.4,"bid1":66673.3,"ask1":66673.4,"holdVol":582818371,"fundingRate":-1.3e-05,"indexPrice":66711.19,"fairPrice":66683.3},{"t":1770912457035,"lastPrice":66671,"bid1":66669.9,"ask1":66670,"holdVol":582598252,"fundingRate":-1.3e-05,"indexPrice":66715.39,"fairPrice":66687.9},{"t":1770912459491,"lastPrice":66628.3,"bid1":66628.2,"ask1":66628.3,"holdVol":582288297,"fundingRate":-1.3e-05,"indexPrice":66678.06,"fairPrice":66650.5}],"fundingRateNow":-1.5e-05,"fundingRateHistory":{"pageSize":24,"totalCount":1618,"totalPage":68,"currentPage":1,"resultList":[{"symbol":"BTC_USDT","fundingRate":-1.7e-05,"settleTime":1770912000000,"collectCycle":8},{"symbol":"BTC_USDT","fundingRate":3.3e-05,"settleTime":1770883200000,"collectCycle":8},{"symbol":"BTC_USDT","fundingRate":-1.3e-05,"settleTime":1770854400000,"collectCycle":8},{"symbol":"BTC_USDT","fundingRate":-1.2e-05,"settleTime":1770825600000,"collectCycle":8},{"symbol":"BTC_USDT","fundingRate":-8.3e-05,"settleTime":1770796800000,"collectCycle":8},{"symbol":"BTC_USDT","fundingRate":1.3e-05,"settleTime":1770768000000,"collectCycle":8},{"symbol":"BTC_USDT","fundingRate":-8.8e-05,"settleTime":1770739200000,"collectCycle":8},{"symbol":"BTC_USDT","fundingRate":-4.7e-05,"settleTime":1770710400000,"collectCycle":8},{"symbol":"BTC_USDT","fundingRate":-9e-05,"settleTime":1770681600000,"collectCycle":8},{"symbol":"BTC_USDT","fundingRate":-4.2e-05,"settleTime":1770652800000,"collectCycle":8},{"symbol":"BTC_USDT","fundingRate":1.7e-05,"settleTime":1770624000000,"collectCycle":8},{"symbol":"BTC_USDT","fundingRate":-2.9e-05,"settleTime":1770595200000,"collectCycle":8},{"symbol":"BTC_USDT","fundingRate":-4.9e-05,"settleTime":1770566400000,"collectCycle":8},{"symbol":"BTC_USDT","fundingRate":-3.5e-05,"settleTime":1770537600000,"collectCycle":8},{"symbol":"BTC_USDT","fundingRate":-3.4e-05,"settleTime":1770508800000,"collectCycle":8},{"symbol":"BTC_USDT","fundingRate":-3e-05,"settleTime":1770480000000,"collectCycle":8},{"symbol":"BTC_USDT","fundingRate":-8.2e-05,"settleTime":1770451200000,"collectCycle":8},{"symbol":"BTC_USDT","fundingRate":-0.000152,"settleTime":1770422400000,"collectCycle":8},{"symbol":"BTC_USDT","fundingRate":-0.000133,"settleTime":1770393600000,"collectCycle":8},{"symbol":"BTC_USDT","fundingRate":-0.000136,"settleTime":1770364800000,"collectCycle":8},{"symbol":"BTC_USDT","fundingRate":-1.3e-05,"settleTime":1770336000000,"collectCycle":8},{"symbol":"BTC_USDT","fundingRate":-4.9e-05,"settleTime":1770307200000,"collectCycle":8},{"symbol":"BTC_USDT","fundingRate":5e-06,"settleTime":1770278400000,"collectCycle":8},{"symbol":"BTC_USDT","fundingRate":9.1e-05,"settleTime":1770249600000,"collectCycle":8}]}},"orderbook":{"asks":[[66856.5,13581,2],[66856.6,8088,2],[66856.7,8682,2],[66856.8,4297,1],[66856.9,3993,1],[66857,3864,1],[66857.1,5703,2],[66857.2,4504,1],[66857.3,103260,2],[66857.7,4290,1],[66857.8,4541,1],[66857.9,4083,1],[66858,4387,1],[66858.1,3848,1],[66858.2,4457,1],[66858.3,3710,1],[66858.4,4210,1],[66858.5,5069,2],[66858.6,4038,1],[66858.7,4225,1]],"bids":[[66855.1,12833,1],[66854.9,6310,1],[66854.6,6710,1],[66854.5,6809,1],[66854.4,7191,2],[66854.3,382,1],[66854.1,13618,2],[66854,4750,3],[66853.9,3964,1],[66853.8,4284,1],[66853.7,8274,2],[66853.6,3672,1],[66853.5,8521,2],[66853.4,4643,1],[66853.3,9447,2],[66853.2,3702,1],[66853.1,7445,2],[66852.9,4206,1],[66852.7,4566,1],[66852.5,3850,1]],"version":32391638885,"timestamp":1770912398729},"orderbookHistory":{"depthCommits":[{"asks":[[66893.8,38,1]],"bids":[],"version":32391639650},{"asks":[],"bids":[[66843.6,9737,3]],"version":32391639649},{"asks":[[66900,143,3]],"bids":[],"version":32391639648},{"asks":[[66909.9,0,0]],"bids":[],"version":32391639647},{"asks":[],"bids":[[66793.3,7772,2]],"version":32391639646},{"asks":[[66953,38,1]],"bids":[],"version":32391639645},{"asks":[[66857.4,1495,1]],"bids":[],"version":32391639644},{"asks":[[66905.3,0,0]],"bids":[],"version":32391639643},{"asks":[[66858.8,4228,2]],"bids":[],"version":32391639642},{"asks":[[66853.8,4214,3]],"bids":[],"version":32391639641},{"asks":[[66854.2,5547,2]],"bids":[],"version":32391639640},{"asks":[],"bids":[[66789,6561,4]],"version":32391639639},{"asks":[[66956.6,6271,1]],"bids":[],"version":32391639638},{"asks":[[66853.8,5036,4]],"bids":[],"version":32391639637},{"asks":[],"bids":[[66784.9,0,0]],"version":32391639636},{"asks":[],"bids":[[66832.4,0,0]],"version":32391639635},{"asks":[[66853.8,4851,3]],"bids":[],"version":32391639634},{"asks":[],"bids":[[66845.2,6312,2]],"version":32391639633},{"asks":[],"bids":[[66780,345,5]],"version":32391639632},{"asks":[[66856,4964,1]],"bids":[],"version":32391639631},{"asks":[],"bids":[[66839.5,1495,1]],"version":32391639630},{"asks":[],"bids":[[66840.9,4288,2]],"version":32391639629},{"asks":[[66862.4,0,0]],"bids":[],"version":32391639628},{"asks":[[66859.4,3047,1]],"bids":[],"version":32391639627},{"asks":[[66859.5,2433,1]],"bids":[],"version":32391639626},{"asks":[[66859.6,2727,1]],"bids":[],"version":32391639625},{"asks":[[66859.7,2812,1]],"bids":[],"version":32391639624},{"asks":[[66859.8,2997,1]],"bids":[],"version":32391639623},{"asks":[[66859.9,2344,1]],"bids":[],"version":32391639622},{"asks":[[66860,2725,3]],"bids":[],"version":32391639621},{"asks":[[66860.1,3037,1]],"bids":[],"version":32391639620},{"asks":[[66860.2,2515,1]],"bids":[],"version":32391639619},{"asks":[[66860.3,0,0]],"bids":[],"version":32391639618},{"asks":[[66860.4,0,0]],"bids":[],"version":32391639617},{"asks":[[66860.5,0,0]],"bids":[],"version":32391639616},{"asks":[[66860.6,0,0]],"bids":[],"version":32391639615},{"asks":[[66860.7,0,0]],"bids":[],"version":32391639614},{"asks":[[66860.8,0,0]],"bids":[],"version":32391639613},{"asks":[[66860.9,0,0]],"bids":[],"version":32391639612},{"asks":[[66861,0,0]],"bids":[],"version":32391639611},{"asks":[[66861.1,0,0]],"bids":[],"version":32391639610},{"asks":[[66861.2,0,0]],"bids":[],"version":32391639609},{"asks":[[66861.3,0,0]],"bids":[],"version":32391639608},{"asks":[[66861.4,0,0]],"bids":[],"version":32391639607},{"asks":[[66861.5,16,1]],"bids":[],"version":32391639606},{"asks":[[66861.6,0,0]],"bids":[],"version":32391639605},{"asks":[[66861.7,0,0]],"bids":[],"version":32391639604},{"asks":[[66861.8,6,1]],"bids":[],"version":32391639603},{"asks":[[66861.9,0,0]],"bids":[],"version":32391639602},{"asks":[[66862,429,1]],"bids":[],"version":32391639601},{"asks":[[66862.1,0,0]],"bids":[],"version":32391639600},{"asks":[[66862.2,0,0]],"bids":[],"version":32391639599},{"asks":[[66862.3,0,0]],"bids":[],"version":32391639598},{"asks":[[66862.4,22438,1]],"bids":[],"version":32391639597},{"asks":[[66862.5,0,0]],"bids":[],"version":32391639596},{"asks":[[66862.6,0,0]],"bids":[],"version":32391639595},{"asks":[[66862.7,0,0]],"bids":[],"version":32391639594},{"asks":[[66862.8,0,0]],"bids":[],"version":32391639593},{"asks":[[66862.9,0,0]],"bids":[],"version":32391639592},{"asks":[[66863,0,0]],"bids":[],"version":32391639591}],"polled":{"seconds":60,"stepSec":2.0,"levels":20,"snapshots":[{"timestamp":1770912461315,"version":32391810670,"bids":[[66624.3,4446,1],[66624.2,17561,3],[66624.1,8878,2],[66624,7973,2],[66623.9,3902,1],[66623.8,7865,2],[66623.7,9156,2],[66623.6,9277,2],[66623.5,9094,2],[66623.4,8562,2],[66623.3,107788,3],[66623.2,9442,2],[66623.1,8207,2],[66623,9644,2],[66622.9,7666,2],[66622.8,8758,2],[66622.7,8228,2],[66622.6,7683,2],[66622.5,8292,2],[66622.4,8219,2]],"asks":[[66626.9,6386,1],[66627,4109,1],[66627.1,23657,8],[66627.3,16592,2],[66627.4,4079,1],[66627.5,4379,1],[66627.6,3771,1],[66627.7,103592,2],[66627.8,3896,1],[66627.9,4035,1],[66628,3477,1],[66628.1,3474,1],[66628.5,4104,1],[66628.6,3963,1],[66628.7,3748,1],[66628.8,3577,1],[66628.9,4282,1],[66629,4416,1],[66629.1,4052,1],[66629.2,4403,1]]},{"timestamp":1770912463825,"version":32391814080,"bids":[[66629.2,845,1],[66626.2,46,1],[66625.8,2400,1],[66625.7,2899,1],[66625.6,2703,1],[66625.5,2356,1],[66625.4,2897,1],[66625.3,2813,1],[66625.2,2900,1],[66625.1,2789,1],[66625,2753,1],[66624.9,2297,1],[66624.8,2524,1],[66624.7,3070,1],[66624.6,2325,1],[66624.5,2350,1],[66624.4,2525,1],[66624.3,3095,1],[66624.2,2316,1],[66623.9,3977,1]],"asks":[[66629.3,13606,5],[66629.4,13316,2],[66629.5,3812,1],[66629.6,4701,1],[66629.7,4667,1],[66629.8,4972,1],[66629.9,3988,1],[66630,3778,1],[66630.1,3871,1],[66630.2,4623,1],[66630.3,4386,1],[66630.4,4066,1],[66630.5,4042,1],[66630.6,3917,1],[66630.7,3873,1],[66630.8,4237,1],[66630.9,3933,1],[66631,5419,2],[66631.1,3899,1],[66631.2,4380,1]]},{"timestamp":1770912465800,"version":32391816725,"bids":[[66648.3,17218,6],[66646.9,1501,1],[66646.4,8580,1],[66646.3,2494,1],[66646.2,2693,1],[66646.1,2321,1],[66646,2815,1],[66645.6,2310,1],[66645.5,2524,1],[66645.4,2834,1],[66645.3,3878,2],[66645.2,3015,1],[66645.1,2628,1],[66645,2571,1],[66644.9,2556,1],[66644.8,2859,1],[66644.7,2776,1],[66644.6,2500,1],[66644.5,2955,1],[66644.4,2377,1]],"asks":[[66648.4,3610,1],[66648.5,5016,1],[66648.6,5039,1],[66648.7,4495,1],[66648.8,4975,1],[66648.9,5035,1],[66649,4364,1],[66649.1,4831,1],[66649.2,4182,1],[66649.3,4531,1],[66649.4,3798,1],[66649.5,4353,1],[66649.6,3975,1],[66649.7,4346,1],[66649.8,3926,1],[66649.9,4060,1],[66650,4687,3],[66650.1,4790,1],[66650.2,5025,1],[66650.3,3785,1]]},{"timestamp":1770912467899,"version":32391820680,"bids":[[66670.2,1191,1],[66670.1,4583,1],[66670,4372,1],[66669.9,4589,1],[66669.8,7338,2],[66669.7,4452,1],[66669.6,8185,2],[66669.4,3909,1],[66669.2,4203,1],[66669,3897,1],[66668.8,4254,1],[66668.6,4064,1],[66668.4,4443,1],[66668.2,4235,1],[66668,4534,1],[66667.8,4358,1],[66667.6,4706,1],[66667.4,4765,1],[66667.2,5005,1],[66667,3922,1]],"asks":[[66672.6,1388,1],[66672.7,4294,1],[66672.8,4224,1],[66672.9,5213,2],[66673,3596,1],[66673.1,4435,2],[66673.2,3770,1],[66673.3,4570,1],[66673.4,103412,2],[66673.5,4061,1],[66673.6,4495,1],[66673.7,4448,1],[66673.8,4495,1],[66673.9,3914,1],[66674,3878,1],[66674.1,3641,1],[66674.2,3886,1],[66674.3,6074,2],[66674.4,3776,1],[66674.5,3793,1]]},{"timestamp":1770912470234,"version":32391830040,"bids":[[66711.9,4309,1],[66711.7,3805,1],[66711.5,4469,1],[66711.3,15889,2],[66711.2,3902,1],[66711.1,8724,2],[66711,3579,1],[66710.9,8357,2],[66710.8,3836,1],[66710.7,8553,2],[66710.6,4635,1],[66710.5,8597,2],[66710.4,103678,2],[66710.3,7671,2],[66710.2,3755,1],[66710.1,8413,2],[66710,4623,1],[66709.9,8697,2],[66709.8,4276,1],[66709.7,8523,2]],"asks":[[66712,15861,2],[66714.1,1209,1],[66715.5,3000,1],[66716.9,3000,1],[66717.9,958,1],[66718,24805,5],[66718.1,6661,2],[66718.2,7199,2],[66718.3,7661,2],[66718.4,7424,2],[66718.5,6507,2],[66718.6,7211,2],[66718.7,7540,2],[66718.8,6561,2],[66718.9,6639,2],[66719,9405,3],[66719.1,6825,2],[66719.2,7038,2],[66719.3,6636,2],[66719.4,6902,2]]},{"timestamp":1770912472607,"version":32391836805,"bids":[[66672.2,19913,6],[66672.1,3014,1],[66672,2892,1],[66671.9,2951,1],[66671.8,2398,1],[66671.7,2347,1],[66671.6,2903,1],[66671.5,3461,2],[66671.4,2604,1],[66671.3,2353,1],[66671.2,2976,1],[66671.1,2389,1],[66671,3005,1],[66670.9,2466,1],[66670.8,5444,2],[66670.7,2383,1],[66670.6,2726,1],[66670.5,2432,1],[66670.4,2461,1],[66670.3,2419,1]],"asks":[[66672.3,3842,1],[66672.4,4731,1],[66672.5,4916,1],[66672.6,4971,1],[66672.7,3820,1],[66672.8,4588,1],[66672.9,4375,1],[66673,4936,1],[66673.1,4483,1],[66673.2,4419,1],[66673.3,4633,1],[66673.4,4963,1],[66673.5,5040,1],[66673.6,4408,1],[66673.7,4570,1],[66673.8,4400,1],[66673.9,4901,1],[66674,4902,1],[66674.1,4921,1],[66674.2,4471,1]]},{"timestamp":1770912474748,"version":32391841635,"bids":[[66678.1,104363,2],[66678,3861,1],[66677.9,4001,1],[66677.8,4507,1],[66677.7,4379,1],[66677.6,3855,1],[66677.5,3543,1],[66677.4,3756,1],[66677.3,3948,1],[66677.2,4651,1],[66677.1,3674,1],[66677,4173,1],[66676.9,3506,1],[66676.8,3542,1],[66676.7,3754,1],[66676.6,3714,1],[66676.5,4164,1],[66676.4,3945,1],[66676.3,4396,1],[66676.2,4640,1]],"asks":[[66678.2,4607,1],[66678.3,16809,2],[66678.4,4304,1],[66678.5,4854,1],[66678.6,3813,1],[66678.7,4555,1],[66678.8,4671,1],[66678.9,4786,1],[66679,4664,1],[66679.1,13162,2],[66679.2,8538,2],[66679.3,7388,2],[66679.4,7664,2],[66679.5,8345,2],[66679.6,8170,2],[66679.7,8116,2],[66679.8,8651,2],[66679.9,108184,3],[66680,9561,2],[66680.1,8166,2]]},{"timestamp":1770912476898,"version":32391845230,"bids":[[66666,38,1],[66663.4,10062,1],[66663.3,4029,1],[66663.2,4090,1],[66663.1,4164,1],[66663,3484,1],[66662.9,3766,1],[66662.8,3502,1],[66662.7,4436,1],[66662.6,3806,1],[66662.5,103582,2],[66662.4,3671,1],[66662.3,3689,1],[66662.2,4285,1],[66662.1,3939,1],[66662,3644,1],[66661.9,4550,1],[66661.8,3561,1],[66661.7,4424,1],[66661.6,4559,1]],"asks":[[66666.1,7957,2],[66666.2,9197,2],[66666.3,8957,2],[66666.4,8543,2],[66666.5,4398,1],[66666.6,4201,1],[66666.7,4516,1],[66666.8,3913,1],[66666.9,4206,1],[66667,4163,1],[66667.1,3966,1],[66667.2,3754,1],[66667.3,4039,1],[66667.4,4720,1],[66667.5,4032,1],[66667.6,4345,1],[66667.7,4397,1],[66667.8,4200,1],[66667.9,4000,1],[66668,3964,1]]},{"timestamp":1770912479177,"version":32391849615,"bids":[[66661,99808,1],[66659.4,1500,1],[66657.3,1500,1],[66655.9,1500,1],[66655.8,24,1],[66655.2,2333,1],[66655.1,2793,1],[66655,2708,1],[66654.9,2715,1],[66654.8,2657,1],[66654.7,3096,1],[66654.6,2558,1],[66654.5,7152,3],[66654.4,2459,1],[66654.3,2726,1],[66654.2,3069,1],[66654.1,2705,2],[66654,2843,1],[66653.9,2569,1],[66653.8,2598,1]],"asks":[[66661.2,4314,1],[66661.3,4497,1],[66661.4,4190,1],[66661.5,3781,1],[66661.6,4947,1],[66661.7,3834,1],[66661.8,4615,1],[66661.9,4712,1],[66662,17582,3],[66662.1,13027,3],[66662.2,11489,3],[66662.3,9300,2],[66662.4,30243,3],[66662.5,7338,2],[66662.6,8315,2],[66662.7,8885,2],[66662.8,104736,2],[66662.9,3736,1],[66663,4571,1],[66663.1,4319,1]]},{"timestamp":1770912481622,"version":32391853690,"bids":[[66660,3456,1],[66659.9,4197,1],[66659.8,4302,1],[66659.7,4795,1],[66659.6,4364,1],[66659.5,4266,1],[66659.4,3918,1],[66659.3,4533,1],[66659.2,3741,1],[66659.1,4038,1],[66659,4219,1],[66658.9,4127,1],[66658.8,4672,1],[66658.7,4869,1],[66658.6,4968,1],[66658.5,4420,1],[66658.4,4939,1],[66658.3,4289,1],[66658.2,4767,1],[66658.1,4656,1]],"asks":[[66660.1,19236,3],[66660.7,822,1],[66660.8,2036,1],[66660.9,3000,1],[66661,2905,1],[66661.1,2508,1],[66661.2,3047,1],[66661.3,2550,1],[66661.4,3096,1],[66661.5,2625,1],[66661.6,2770,1],[66661.7,2764,1],[66661.8,2316,1],[66661.9,21949,4],[66662,2475,1],[66662.1,2970,1],[66662.2,2416,1],[66662.3,2964,1],[66662.4,2962,1],[66662.5,3001,1]]},{"timestamp":1770912484149,"version":32391860565,"bids":[[66637.3,4502,1],[66637.2,4049,1],[66637.1,4145,1],[66637,4193,1],[66636.9,4878,1],[66636.8,4900,1],[66636.7,4251,1],[66636.6,4236,1],[66636.5,4463,1],[66636.4,4708,1],[66636.3,4811,1],[66636.2,4703,2],[66636.1,4240,1],[66636,4585,1],[66635.9,4264,2],[66635.8,4740,1],[66635.7,3849,1],[66635.6,4522,1],[66635.5,4963,1],[66635.4,4937,1]],"asks":[[66637.4,21559,8],[66638.6,17654,2],[66638.8,1500,1],[66639.2,2897,1],[66639.3,2507,1],[66639.4,2693,1],[66639.6,3042,1],[66639.7,2797,1],[66639.8,2815,1],[66640.2,3862,2],[66640.3,2796,1],[66640.4,2933,1],[66640.5,2552,1],[66640.6,2386,1],[66640.7,2641,1],[66640.8,2411,1],[66640.9,2314,1],[66641,3083,1],[66641.1,2679,1],[66641.2,2671,1]]},{"timestamp":1770912486454,"version":32391868705,"bids":[[66613.7,3003,1],[66612.2,3003,1],[66611.2,4695,1],[66611.1,4327,1],[66611,3992,1],[66610.9,4862,1],[66610.8,7440,2],[66610.7,4218,1],[66610.6,3986,1],[66610.5,4272,1],[66610.4,4291,1],[66610.3,4281,1],[66610.2,4262,1],[66610.1,3860,1],[66610,3737,1],[66609.9,4316,1],[66609.8,4456,1],[66609.7,4443,1],[66609.6,4340,1],[66609.5,3754,1]],"asks":[[66613.9,9144,1],[66614,9110,1],[66614.1,3856,1],[66614.2,3891,1],[66614.3,3479,1],[66614.4,4184,1],[66614.5,3940,1],[66614.6,3589,1],[66614.7,3525,1],[66614.8,104457,2],[66614.9,4248,1],[66615,4388,1],[66615.1,4269,1],[66615.2,3839,1],[66615.3,4423,1],[66615.4,3670,1],[66615.5,3738,1],[66615.6,3759,1],[66615.7,3619,1],[66615.8,3862,1]]},{"timestamp":1770912488497,"version":32391874405,"bids":[[66641.4,3838,1],[66641.3,4145,1],[66641.2,4820,1],[66641.1,4096,1],[66641,3889,1],[66640.9,3817,1],[66640.8,4313,1],[66640.7,4381,1],[66640.6,5013,1],[66640.5,3806,1],[66640.4,4834,1],[66640.3,4547,1],[66640.2,4857,1],[66640.1,4831,1],[66640,4327,1],[66639.9,4236,1],[66639.8,4740,1],[66639.7,4886,1],[66639.6,4733,1],[66639.5,4714,1]],"asks":[[66643.1,1644,2],[66645,3003,1],[66645.5,2354,1],[66645.6,2871,1],[66645.7,2600,1],[66645.8,2704,1],[66645.9,2796,1],[66646,2572,1],[66646.1,2377,1],[66646.2,2976,1],[66646.3,2310,1],[66646.4,5662,2],[66646.5,2937,1],[66646.6,3083,1],[66646.7,6439,2],[66646.8,6825,3],[66646.9,7275,2],[66647,6540,2],[66647.1,6390,2],[66647.2,6218,2]]},{"timestamp":1770912490748,"version":32391881455,"bids":[[66616.6,9114,1],[66616.5,3712,1],[66616.4,4282,1],[66616.3,4129,1],[66616.2,4377,1],[66616.1,3451,1],[66616,4031,1],[66615.9,4110,1],[66615.8,3579,1],[66615.7,104452,2],[66615.6,3640,1],[66615.5,4228,1],[66615.4,3986,1],[66615.3,3658,1],[66615.2,3961,1],[66615.1,4537,1],[66615,3785,1],[66614.9,4113,1],[66614.8,3728,1],[66614.7,4238,1]],"asks":[[66616.7,9114,1],[66616.8,3712,1],[66616.9,4282,1],[66617,4129,1],[66617.1,4377,1],[66617.2,3451,1],[66617.3,4031,1],[66617.4,4110,1],[66617.5,103460,2],[66617.6,4571,1],[66617.7,3640,1],[66617.8,4228,1],[66617.9,3986,1],[66618,3658,1],[66618.1,3961,1],[66618.2,4537,1],[66618.3,3785,1],[66618.4,4113,1],[66618.5,3728,1],[66618.6,4238,1]]},{"timestamp":1770912492944,"version":32391890380,"bids":[[66620,6,2],[66617.7,10173,1],[66617.6,3881,1],[66617.5,4106,1],[66617.4,4275,1],[66617.3,3815,2],[66617.2,4224,1],[66617.1,3952,1],[66617,3728,1],[66616.9,4474,1],[66616.8,104470,2],[66616.7,3663,1],[66616.6,4044,1],[66616.5,3554,1],[66616.4,4507,1],[66616.3,4206,1],[66616.2,3611,1],[66616.1,4133,1],[66616,4452,1],[66615.9,4210,1]],"asks":[[66620.1,3578,1],[66620.2,4072,1],[66620.3,4071,1],[66620.4,4296,1],[66620.5,3478,1],[66620.6,3769,1],[66620.7,4093,1],[66621.9,4018,1],[66622,3540,1],[66622.1,3927,1],[66622.2,3500,1],[66622.3,3914,1],[66622.4,101375,2],[66622.7,3845,1],[66622.8,3739,1],[66622.9,4221,1],[66623,3757,1],[66623.1,3587,1],[66623.2,4053,1],[66624.9,1501,1]]},{"timestamp":1770912495280,"version":32391897810,"bids":[[66602.6,4176,1],[66602.5,3774,1],[66602.4,4413,1],[66602.3,3889,1],[66602.2,4641,1],[66602.1,4554,1],[66602,4479,1],[66601.9,4365,1],[66601.8,3891,1],[66601.7,4995,1],[66601.6,3817,1],[66601.5,4364,1],[66601.4,4883,1],[66601.3,4650,1],[66601.2,4709,1],[66601.1,4602,1],[66601,5016,1],[66600.9,3961,1],[66600.8,4611,1],[66600.7,3836,1]],"asks":[[66602.7,25608,7],[66602.8,3973,1],[66602.9,3998,1],[66603,4160,1],[66603.1,4603,1],[66603.2,4294,1],[66603.3,4972,2],[66604.7,1501,1],[66606.1,1501,1],[66606.6,9053,1],[66606.7,2694,1],[66606.8,2962,1],[66606.9,2452,1],[66607,2739,1],[66607.1,2430,1],[66607.2,2462,1],[66607.3,2773,1],[66607.4,2521,1],[66607.5,2583,1],[66607.6,2797,1]]},{"timestamp":1770912497568,"version":32391906040,"bids":[[66592.7,9430,1],[66592.6,3603,1],[66592.5,3802,1],[66592,4438,1],[66591.9,3802,1],[66591.8,104048,2],[66591.7,3986,1],[66591.6,3812,1],[66591.5,4199,1],[66591.4,3780,1],[66591.3,3498,1],[66591.2,3448,1],[66591.1,4164,1],[66591,4242,1],[66590.9,3933,1],[66590.8,4335,1],[66590.7,3501,1],[66590.6,3480,1],[66590.5,4078,1],[66590.4,4483,1]],"asks":[[66592.8,9430,1],[66592.9,3603,1],[66593,3802,1],[66593.3,3922,1],[66593.4,4356,1],[66593.5,4529,1],[66593.6,103981,2],[66593.7,3625,1],[66593.8,3582,1],[66593.9,4438,1],[66594,3802,1],[66594.1,4131,1],[66594.2,3986,1],[66594.3,3812,1],[66594.4,4199,1],[66594.5,3780,1],[66594.6,3498,1],[66594.7,3448,1],[66594.8,4164,1],[66594.9,4242,1]]},{"timestamp":1770912499438,"version":32391911730,"bids":[[66585.9,3295,1],[66585.8,26945,2],[66585.7,4577,1],[66585.6,4850,1],[66585.5,4407,1],[66585.4,4238,1],[66585.3,4171,1],[66583.1,11539,1],[66583,8150,2],[66582.9,8677,2],[66582.8,4531,1],[66582.7,4625,1],[66582.6,3905,1],[66582.5,3866,1],[66582.4,3535,1],[66582.3,3858,1],[66582.2,103676,2],[66582.1,3945,1],[66582,6019,2],[66581.9,4462,1]],"asks":[[66586,13884,1],[66586.3,3504,1],[66586.4,4477,1],[66586.5,4575,1],[66586.6,4390,1],[66589.1,822,1],[66589.2,2333,1],[66589.3,2852,1],[66589.4,3055,1],[66589.5,2894,1],[66589.6,2547,1],[66589.7,2428,1],[66589.8,2699,1],[66589.9,2958,1],[66590,3039,1],[66590.1,3021,1],[66590.2,3072,1],[66590.3,2657,1],[66590.4,3062,1],[66590.5,3054,1]]},{"timestamp":1770912501898,"version":32391918285,"bids":[[66596.5,2718,1],[66593.9,9036,1],[66593.8,3910,1],[66593.7,3910,1],[66593.6,4645,1],[66593.5,8089,2],[66593.4,8105,2],[66593.3,7994,2],[66593.2,8304,2],[66593.1,8868,2],[66593,108892,3],[66592.9,8043,2],[66592.8,8146,2],[66592.7,7729,2],[66592.6,9389,2],[66592.5,8120,2],[66592.4,9298,2],[66592.3,8579,2],[66592.2,8123,2],[66592.1,8831,2]],"asks":[[66596.6,26796,8],[66596.7,4620,1],[66596.8,4387,1],[66596.9,4502,1],[66597.5,18026,2],[66598.6,1501,1],[66598.9,7684,2],[66599,8873,2],[66599.1,8446,2],[66599.2,4891,1],[66599.3,4702,1],[66599.4,3898,1],[66599.5,5011,1],[66599.6,4113,1],[66599.7,5007,1],[66599.8,4053,1],[66599.9,3996,1],[66600,6063,2],[66600.1,4996,1],[66600.2,3748,1]]},{"timestamp":1770912503963,"version":32391923875,"bids":[[66604.3,19195,4],[66604.2,3672,1],[66603.1,1501,1],[66601.9,8995,1],[66601.7,1501,1],[66600.4,2913,1],[66600.3,3900,2],[66600.2,2555,1],[66600,2534,1],[66599.9,2521,1],[66599.8,2335,1],[66599.7,3044,1],[66599.6,2907,1],[66599.5,2953,1],[66599.4,2504,1],[66599.3,2457,1],[66599.2,3051,1],[66599.1,2731,1],[66599,6762,2],[66598.9,6723,2]],"asks":[[66604.4,4418,1],[66604.5,4351,1],[66604.6,3922,1],[66604.7,4292,1],[66604.8,4575,1],[66604.9,4872,1],[66605,4466,1],[66605.1,4070,1],[66605.2,4596,1],[66605.3,4732,1],[66605.4,4726,1],[66605.5,4010,1],[66605.6,4566,1],[66605.7,4624,1],[66605.8,3958,1],[66605.9,3806,1],[66606,4423,1],[66606.1,4225,1],[66606.2,3773,1],[66606.3,4836,1]]},{"timestamp":1770912506469,"version":32391927985,"bids":[[66619.6,9604,1],[66619.5,3570,1],[66619.4,4134,1],[66618.9,3889,1],[66618.8,4264,1],[66618.7,103857,2],[66618.6,4287,1],[66618.5,4722,1],[66618.4,4899,1],[66618.3,4718,1],[66618.2,4393,1],[66618.1,4047,1],[66618,8568,2],[66617.9,9099,2],[66617.8,8592,2],[66617.7,9545,2],[66617.6,10785,3],[66617.5,8703,2],[66617.4,7341,2],[66617.3,8430,2]],"asks":[[66619.7,9604,1],[66619.8,3570,1],[66619.9,25539,8],[66620,15612,2],[66620.1,4353,1],[66620.2,3992,1],[66620.3,3630,1],[66620.4,3605,1],[66620.5,103429,2],[66620.6,3567,1],[66620.7,4146,1],[66620.8,3635,1],[66620.9,5144,2],[66621,4140,1],[66621.4,3866,1],[66621.5,4165,1],[66621.6,4088,1],[66621.7,3757,1],[66621.8,4251,1],[66621.9,4483,1]]},{"timestamp":1770912508604,"version":32391930765,"bids":[[66607.2,22256,5],[66607.1,4111,1],[66607,4574,1],[66606.9,4082,1],[66606.8,4388,1],[66605.6,1501,1],[66604.8,17120,2],[66604.7,822,1],[66604.6,8607,1],[66604.1,1501,1],[66603.2,2599,1],[66603.1,2465,1],[66603,2640,1],[66602.8,2857,1],[66602.7,4378,2],[66602.6,2739,1],[66602.5,2441,1],[66602.4,2417,1],[66602.3,2605,1],[66602.2,2940,1]],"asks":[[66607.3,2124,1],[66607.4,3820,1],[66607.5,3936,1],[66607.6,4984,1],[66607.7,3862,1],[66607.8,4062,1],[66607.9,4979,1],[66608,4064,1],[66608.1,4877,1],[66608.2,4268,1],[66608.3,4108,1],[66608.4,3816,1],[66608.5,4835,1],[66608.6,4699,1],[66608.7,3759,1],[66608.8,4173,1],[66608.9,3936,1],[66609,3913,1],[66609.1,4860,1],[66609.2,4286,1]]},{"timestamp":1770912510849,"version":32391939170,"bids":[[66595,12808,2],[66594.9,7604,2],[66594.8,8399,2],[66594.7,4499,1],[66594.6,4274,1],[66594.5,4632,1],[66594.4,3911,1],[66594.3,3732,1],[66594.2,3663,1],[66594.1,103646,2],[66594,3804,1],[66593.9,4250,1],[66593.8,4123,1],[66593.7,4598,1],[66593.6,4433,1],[66593.5,4439,1],[66593.4,3554,1],[66593,4006,1],[66592.9,3538,1],[66592.8,4519,1]],"asks":[[66595.1,17343,3],[66596,931,1],[66596.1,18758,4],[66596.2,6321,4],[66596.3,2417,1],[66596.4,7395,2],[66596.5,7041,2],[66596.6,3823,1],[66596.7,3612,1],[66596.8,6207,2],[66596.9,106384,3],[66597,6516,2],[66597.1,6018,2],[66597.2,6044,2],[66597.3,7395,2],[66597.4,6882,2],[66597.5,8597,3],[66597.6,7170,2],[66597.7,6892,2],[66597.8,6470,2]]},{"timestamp":1770912512867,"version":32391944655,"bids":[[66621.3,11098,1],[66621.2,4072,1],[66621.1,4064,1],[66621,4345,1],[66620.9,3518,1],[66620.8,3933,1],[66620.7,4633,1],[66620.6,4646,1],[66620.5,3761,1],[66620.4,105986,5],[66620.3,4497,1],[66620.2,3802,1],[66620.1,3990,1],[66620,3720,1],[66619.9,4625,1],[66619.8,3856,1],[66619.7,4428,1],[66619.6,3799,1],[66619.5,4550,1],[66619.4,3809,1]],"asks":[[66621.4,11023,1],[66621.5,4072,1],[66621.6,4064,1],[66621.7,4345,1],[66621.8,3518,1],[66621.9,3933,1],[66622,4633,1],[66622.1,4646,1],[66622.2,103635,2],[66622.3,3646,1],[66622.4,4497,1],[66622.5,3802,1],[66622.6,3990,1],[66622.7,3720,1],[66622.8,4625,1],[66622.9,3856,1],[66623,4428,1],[66623.1,3799,1],[66623.2,4550,1],[66623.3,3809,1]]},{"timestamp":1770912515218,"version":32391952240,"bids":[[66604.5,3949,2],[66604.4,101399,2],[66604.1,3612,1],[66604,3681,1],[66603.9,3524,1],[66603.8,3958,1],[66603.7,3972,1],[66603.6,3758,1],[66603.5,3935,1],[66603.4,3541,1],[66603.3,4631,1],[66603.2,3471,1],[66603.1,4074,1],[66603,4069,1],[66602.9,4099,1],[66602.8,3730,1],[66602.7,12953,2],[66602.6,3687,1],[66602.5,5978,2],[66602.4,4138,2]],"asks":[[66604.6,4017,1],[66604.7,4558,1],[66604.8,5015,1],[66604.9,4631,1],[66605,4501,1],[66605.1,4716,1],[66605.2,4015,1],[66605.3,4164,1],[66605.4,18926,3],[66605.5,11130,3],[66605.6,13538,3],[66605.7,8111,2],[66605.8,8977,2],[66605.9,8371,2],[66606,8140,2],[66606.1,8454,2],[66606.2,109226,3],[66606.3,8361,2],[66606.4,8336,2],[66606.5,8566,2]]},{"timestamp":1770912517400,"version":32391954280,"bids":[[66600,45,1],[66597.4,2724,1],[66596.7,1501,1],[66596.1,1311,1],[66596,4681,1],[66595.9,4564,1],[66595.8,4989,1],[66595.7,4693,1],[66595.6,4456,1],[66595.5,4709,1],[66595.4,4980,2],[66595.3,4148,1],[66595.2,3778,1],[66595.1,4493,1],[66595,4888,1],[66594.9,4746,1],[66594.8,4700,1],[66594.7,4613,1],[66594.6,4019,1],[66594.5,5022,1]],"asks":[[66600.1,16210,2],[66600.2,822,1],[66600.3,1644,2],[66600.4,8103,1],[66600.5,2574,1],[66600.6,2923,1],[66600.7,2521,1],[66600.8,2880,1],[66600.9,2456,1],[66601,3061,1],[66601.1,2873,1],[66601.5,2552,1],[66601.6,3030,1],[66601.7,2894,1],[66601.8,7988,2],[66601.9,7299,2],[66602,7017,2],[66602.1,7215,2],[66602.2,7544,2],[66602.3,6540,2]]},{"timestamp":1770912519449,"version":32391958115,"bids":[[66578.9,4208,1],[66578.8,4069,1],[66578.7,3966,1],[66578.6,4143,1],[66578.5,26790,2],[66578.4,4047,1],[66578.3,3850,2],[66578.2,3848,1],[66578.1,4136,1],[66578,4837,1],[66573.8,1,1],[66573.4,101,1],[66572.1,8696,1],[66572,7739,2],[66571.9,8062,2],[66571.8,3498,2],[66571.7,3747,1],[66571.6,4549,1],[66571.5,13075,3],[66571.4,8593,2]],"asks":[[66579,1950,1],[66579.1,3002,1],[66579.2,2513,1],[66579.3,2338,1],[66579.4,2891,1],[66579.5,3027,1],[66579.6,2965,1],[66579.7,2735,1],[66579.8,2778,1],[66579.9,2846,1],[66580,2811,1],[66580.1,2577,1],[66580.2,2786,1],[66580.3,2511,1],[66580.4,2672,1],[66580.5,2810,1],[66580.6,3083,1],[66580.7,2327,1],[66580.8,2625,1],[66580.9,2708,1]]}]}},"trades":[{"p":66855.2,"v":185,"T":1,"O":3,"M":2,"t":1770912398767,"i":"13359531156"},{"p":66856.5,"v":257,"T":1,"O":1,"M":2,"t":1770912398690,"i":"13359531147"},{"p":66854,"v":103,"T":2,"O":1,"M":2,"t":1770912398499,"i":"13359531099"},{"p":66854.1,"v":50,"T":1,"O":1,"M":2,"t":1770912398487,"i":"13359531096"},{"p":66854.1,"v":31,"T":1,"O":1,"M":2,"t":1770912398485,"i":"13359531095"},{"p":66854,"v":527,"T":2,"O":3,"M":2,"t":1770912398478,"i":"13359531094"},{"p":66854,"v":113,"T":2,"O":1,"M":2,"t":1770912398441,"i":"13359531093"},{"p":66854.1,"v":1490,"T":1,"O":3,"M":2,"t":1770912398428,"i":"13359531092"},{"p":66850.4,"v":538,"T":1,"O":2,"M":2,"t":1770912398123,"i":"13359531027"},{"p":66850.3,"v":11,"T":2,"O":3,"M":2,"t":1770912398123,"i":"13359531026"},{"p":66850.4,"v":17,"T":1,"O":3,"M":1,"t":1770912398079,"i":"13359531022"},{"p":66850.3,"v":50,"T":2,"O":1,"M":2,"t":1770912397915,"i":"13359531014"},{"p":66849,"v":81,"T":1,"O":1,"M":2,"t":1770912397793,"i":"13359530996"},{"p":66848.9,"v":5,"T":2,"O":1,"M":2,"t":1770912397787,"i":"13359530995"},{"p":66849,"v":1062,"T":1,"O":1,"M":2,"t":1770912397736,"i":"13359530980"},{"p":66850.4,"v":11,"T":1,"O":3,"M":2,"t":1770912397702,"i":"13359530977"},{"p":66850.3,"v":210,"T":2,"O":3,"M":2,"t":1770912397531,"i":"13359530942"},{"p":66850.4,"v":342,"T":1,"O":2,"M":2,"t":1770912397497,"i":"13359530939"},{"p":66850.4,"v":1,"T":1,"O":2,"M":2,"t":1770912397482,"i":"13359530929"},{"p":66850.4,"v":1,"T":1,"O":2,"M":2,"t":1770912397411,"i":"13359530885"},{"p":66848.7,"v":6,"T":1,"O":3,"M":1,"t":1770912397078,"i":"13359530823"},{"p":66848.6,"v":149,"T":2,"O":1,"M":2,"t":1770912396827,"i":"13359530782"},{"p":66850.4,"v":1762,"T":1,"O":3,"M":2,"t":1770912396821,"i":"13359530781"},{"p":66850.1,"v":195,"T":1,"O":1,"M":2,"t":1770912396821,"i":"13359530780"},{"p":66848.7,"v":1495,"T":1,"O":1,"M":2,"t":1770912396821,"i":"13359530779"},{"p":66848.2,"v":40,"T":2,"O":3,"M":2,"t":1770912396619,"i":"13359530751"},{"p":66847.5,"v":173,"T":2,"O":3,"M":2,"t":1770912396465,"i":"13359530728"},{"p":66847.5,"v":798,"T":2,"O":3,"M":2,"t":1770912396465,"i":"13359530727"},{"p":66847.5,"v":20,"T":2,"O":1,"M":2,"t":1770912396330,"i":"13359530711"},{"p":66847.5,"v":144,"T":2,"O":1,"M":2,"t":1770912396309,"i":"13359530703"},{"p":66844.1,"v":588,"T":2,"O":3,"M":2,"t":1770912396246,"i":"13359530688"},{"p":66847.6,"v":71,"T":1,"O":1,"M":2,"t":1770912396235,"i":"13359530686"},{"p":66847.4,"v":1495,"T":1,"O":1,"M":2,"t":1770912396235,"i":"13359530685"},{"p":66844.9,"v":74,"T":2,"O":3,"M":2,"t":1770912396180,"i":"13359530662"},{"p":66845.1,"v":1117,"T":1,"O":3,"M":2,"t":1770912396130,"i":"13359530646"},{"p":66845,"v":348,"T":1,"O":1,"M":2,"t":1770912396130,"i":"13359530645"},{"p":66844,"v":216,"T":2,"O":3,"M":2,"t":1770912396111,"i":"13359530643"},{"p":66844,"v":2777,"T":2,"O":3,"M":2,"t":1770912396085,"i":"13359530635"},{"p":66844.1,"v":3951,"T":2,"O":3,"M":2,"t":1770912396085,"i":"13359530634"},{"p":66844.2,"v":4376,"T":2,"O":3,"M":2,"t":1770912396085,"i":"13359530633"},{"p":66844.3,"v":3733,"T":2,"O":3,"M":2,"t":1770912396085,"i":"13359530632"},{"p":66844.4,"v":4241,"T":2,"O":3,"M":2,"t":1770912396085,"i":"13359530631"},{"p":66844.5,"v":3480,"T":2,"O":3,"M":2,"t":1770912396085,"i":"13359530630"},{"p":66844.6,"v":3995,"T":2,"O":3,"M":2,"t":1770912396085,"i":"13359530629"},{"p":66844.7,"v":4417,"T":2,"O":3,"M":2,"t":1770912396085,"i":"13359530628"},{"p":66844.8,"v":4211,"T":2,"O":3,"M":2,"t":1770912396085,"i":"13359530627"},{"p":66844.9,"v":8973,"T":2,"O":2,"M":2,"t":1770912396085,"i":"13359530626"},{"p":66845,"v":1147,"T":1,"O":1,"M":2,"t":1770912396081,"i":"13359530625"},{"p":66845,"v":8869,"T":1,"O":3,"M":2,"t":1770912396081,"i":"13359530624"},{"p":66844.9,"v":1,"T":2,"O":3,"M":1,"t":1770912396077,"i":"13359530623"},{"p":66845,"v":19,"T":1,"O":2,"M":2,"t":1770912396050,"i":"13359530619"},{"p":66845,"v":5,"T":1,"O":3,"M":2,"t":1770912395836,"i":"13359530584"},{"p":66845,"v":13,"T":1,"O":3,"M":2,"t":1770912395821,"i":"13359530581"},{"p":66845,"v":67,"T":1,"O":2,"M":2,"t":1770912395780,"i":"13359530575"},{"p":66847.6,"v":3,"T":1,"O":1,"M":2,"t":1770912395635,"i":"13359530536"},{"p":66844.3,"v":1337,"T":2,"O":1,"M":2,"t":1770912395373,"i":"13359530417"},{"p":66844.4,"v":21,"T":1,"O":2,"M":2,"t":1770912395350,"i":"13359530416"},{"p":66844.3,"v":29,"T":2,"O":1,"M":2,"t":1770912395331,"i":"13359530415"},{"p":66844.3,"v":1742,"T":2,"O":3,"M":2,"t":1770912395314,"i":"13359530411"},{"p":66844.3,"v":548,"T":2,"O":3,"M":2,"t":1770912395314,"i":"13359530410"},{"p":66844.3,"v":9,"T":2,"O":1,"M":2,"t":1770912395265,"i":"13359530393"},{"p":66844.4,"v":544,"T":1,"O":2,"M":2,"t":1770912395259,"i":"13359530387"},{"p":66844.4,"v":123,"T":1,"O":2,"M":2,"t":1770912395243,"i":"13359530385"},{"p":66843.3,"v":152,"T":1,"O":3,"M":2,"t":1770912395243,"i":"13359530384"},{"p":66843.2,"v":1,"T":2,"O":1,"M":2,"t":1770912395232,"i":"13359530379"},{"p":66843.2,"v":21,"T":2,"O":1,"M":2,"t":1770912395226,"i":"13359530376"},{"p":66843.2,"v":13,"T":2,"O":1,"M":2,"t":1770912395220,"i":"13359530374"},{"p":66843.2,"v":3,"T":2,"O":1,"M":2,"t":1770912395205,"i":"13359530368"},{"p":66843.2,"v":17,"T":2,"O":1,"M":2,"t":1770912395201,"i":"13359530366"},{"p":66843.2,"v":3,"T":2,"O":1,"M":2,"t":1770912395181,"i":"13359530362"},{"p":66843.2,"v":41,"T":2,"O":1,"M":2,"t":1770912395175,"i":"13359530356"},{"p":66843.2,"v":7,"T":2,"O":1,"M":2,"t":1770912395156,"i":"13359530354"},{"p":66841.8,"v":3,"T":2,"O":1,"M":2,"t":1770912395150,"i":"13359530353"},{"p":66841.7,"v":1,"T":2,"O":1,"M":2,"t":1770912395122,"i":"13359530342"},{"p":66841.7,"v":8,"T":2,"O":1,"M":2,"t":1770912395112,"i":"13359530341"},{"p":66843.2,"v":1,"T":2,"O":1,"M":2,"t":1770912395097,"i":"13359530337"},{"p":66843.3,"v":594,"T":1,"O":1,"M":2,"t":1770912395082,"i":"13359530336"},{"p":66843.2,"v":82,"T":2,"O":1,"M":2,"t":1770912395051,"i":"13359530330"},{"p":66840.3,"v":149,"T":1,"O":1,"M":2,"t":1770912394856,"i":"13359530281"},{"p":66840.2,"v":822,"T":1,"O":1,"M":2,"t":1770912394856,"i":"13359530280"},{"p":66838.7,"v":1395,"T":1,"O":1,"M":2,"t":1770912394856,"i":"13359530279"},{"p":66838.5,"v":47,"T":2,"O":1,"M":2,"t":1770912394819,"i":"13359530276"},{"p":66838.5,"v":2682,"T":2,"O":1,"M":2,"t":1770912394813,"i":"13359530275"},{"p":66838.5,"v":4959,"T":2,"O":3,"M":2,"t":1770912394813,"i":"13359530274"},{"p":66838.5,"v":4109,"T":2,"O":1,"M":2,"t":1770912394813,"i":"13359530273"},{"p":66838.6,"v":9690,"T":2,"O":1,"M":2,"t":1770912394813,"i":"13359530272"},{"p":66838.6,"v":822,"T":2,"O":1,"M":2,"t":1770912394813,"i":"13359530271"},{"p":66838.6,"v":1892,"T":2,"O":1,"M":2,"t":1770912394813,"i":"13359530270"},{"p":66838.6,"v":203,"T":2,"O":1,"M":2,"t":1770912394811,"i":"13359530269"},{"p":66838.7,"v":100,"T":1,"O":1,"M":2,"t":1770912394766,"i":"13359530268"},{"p":66840.3,"v":348,"T":1,"O":1,"M":2,"t":1770912394753,"i":"13359530267"},{"p":66838.6,"v":1998,"T":2,"O":3,"M":2,"t":1770912394731,"i":"13359530259"},{"p":66838.7,"v":4929,"T":2,"O":2,"M":2,"t":1770912394731,"i":"13359530258"},{"p":66838.7,"v":3599,"T":2,"O":3,"M":2,"t":1770912394731,"i":"13359530257"},{"p":66838.8,"v":3693,"T":2,"O":3,"M":2,"t":1770912394731,"i":"13359530256"},{"p":66838.9,"v":4991,"T":2,"O":2,"M":2,"t":1770912394730,"i":"13359530255"},{"p":66838.9,"v":3556,"T":2,"O":3,"M":2,"t":1770912394730,"i":"13359530254"},{"p":66839,"v":3474,"T":2,"O":3,"M":2,"t":1770912394730,"i":"13359530253"},{"p":66839.1,"v":4004,"T":2,"O":3,"M":2,"t":1770912394730,"i":"13359530252"},{"p":66839.2,"v":3825,"T":2,"O":3,"M":2,"t":1770912394730,"i":"13359530251"}],"klines":{"1m":[{"ts":"2026-02-12T12:07:00Z","o":67882.0,"h":67906.0,"l":67850.0,"c":67878.3,"v":531752.0},{"ts":"2026-02-12T12:08:00Z","o":67878.3,"h":67948.9,"l":67863.5,"c":67912.0,"v":562056.0},{"ts":"2026-02-12T12:09:00Z","o":67912.0,"h":67913.0,"l":67879.6,"c":67903.4,"v":343730.0},{"ts":"2026-02-12T12:10:00Z","o":67903.4,"h":67964.9,"l":67903.4,"c":67964.9,"v":208057.0},{"ts":"2026-02-12T12:11:00Z","o":67964.9,"h":67972.2,"l":67922.0,"c":67937.4,"v":418925.0},{"ts":"2026-02-12T12:12:00Z","o":67937.4,"h":67937.4,"l":67896.0,"c":67913.7,"v":238744.0},{"ts":"2026-02-12T12:13:00Z","o":67913.7,"h":67931.5,"l":67913.7,"c":67918.2,"v":178285.0},{"ts":"2026-02-12T12:14:00Z","o":67918.2,"h":68015.1,"l":67915.4,"c":67988.6,"v":325590.0},{"ts":"2026-02-12T12:15:00Z","o":67988.6,"h":67990.5,"l":67954.5,"c":67978.3,"v":440212.0},{"ts":"2026-02-12T12:16:00Z","o":67978.3,"h":68005.0,"l":67956.1,"c":67975.2,"v":556514.0},{"ts":"2026-02-12T12:17:00Z","o":67975.2,"h":67995.9,"l":67929.5,"c":67929.5,"v":458146.0},{"ts":"2026-02-12T12:18:00Z","o":67929.5,"h":67949.0,"l":67916.0,"c":67920.9,"v":416871.0},{"ts":"2026-02-12T12:19:00Z","o":67920.9,"h":67921.0,"l":67869.8,"c":67891.5,"v":302310.0},{"ts":"2026-02-12T12:20:00Z","o":67891.5,"h":67922.1,"l":67868.9,"c":67900.2,"v":454640.0},{"ts":"2026-02-12T12:21:00Z","o":67900.2,"h":67949.8,"l":67892.8,"c":67918.2,"v":199267.0},{"ts":"2026-02-12T12:22:00Z","o":67918.2,"h":67918.2,"l":67847.2,"c":67879.0,"v":300829.0},{"ts":"2026-02-12T12:23:00Z","o":67879.0,"h":67879.0,"l":67823.4,"c":67826.0,"v":225427.0},{"ts":"2026-02-12T12:24:00Z","o":67826.0,"h":67860.8,"l":67826.0,"c":67828.6,"v":222006.0},{"ts":"2026-02-12T12:25:00Z","o":67828.6,"h":67874.2,"l":67825.4,"c":67871.0,"v":282127.0},{"ts":"2026-02-12T12:26:00Z","o":67871.0,"h":67880.8,"l":67851.9,"c":67880.8,"v":105331.0},{"ts":"2026-02-12T12:27:00Z","o":67880.8,"h":67880.8,"l":67864.0,"c":67869.0,"v":183845.0},{"ts":"2026-02-12T12:28:00Z","o":67869.0,"h":67979.4,"l":67869.0,"c":67969.0,"v":390113.0},{"ts":"2026-02-12T12:29:00Z","o":67969.0,"h":67978.7,"l":67942.2,"c":67948.7,"v":304666.0},{"ts":"2026-02-12T12:30:00Z","o":67948.7,"h":67966.9,"l":67930.5,"c":67966.1,"v":241647.0},{"ts":"2026-02-12T12:31:00Z","o":67966.1,"h":67966.1,"l":67938.1,"c":67954.0,"v":126464.0},{"ts":"2026-02-12T12:32:00Z","o":67954.0,"h":67954.0,"l":67890.9,"c":67891.3,"v":194906.0},{"ts":"2026-02-12T12:33:00Z","o":67891.3,"h":67894.3,"l":67848.5,"c":67852.8,"v":183111.0},{"ts":"2026-02-12T12:34:00Z","o":67852.8,"h":67875.7,"l":67838.0,"c":67844.2,"v":211015.0},{"ts":"2026-02-12T12:35:00Z","o":67844.2,"h":67864.5,"l":67844.0,"c":67864.5,"v":228537.0},{"ts":"2026-02-12T12:36:00Z","o":67864.5,"h":67883.6,"l":67816.4,"c":67832.4,"v":179657.0},{"ts":"2026-02-12T12:37:00Z","o":67832.4,"h":67869.0,"l":67825.7,"c":67868.9,"v":211682.0},{"ts":"2026-02-12T12:38:00Z","o":67868.9,"h":67876.0,"l":67834.4,"c":67871.9,"v":146495.0},{"ts":"2026-02-12T12:39:00Z","o":67871.9,"h":67875.6,"l":67854.6,"c":67866.7,"v":77912.0},{"ts":"2026-02-12T12:40:00Z","o":67866.7,"h":67923.0,"l":67860.0,"c":67913.8,"v":135189.0},{"ts":"2026-02-12T12:41:00Z","o":67913.8,"h":67913.8,"l":67893.9,"c":67908.9,"v":190906.0},{"ts":"2026-02-12T12:42:00Z","o":67908.9,"h":67932.7,"l":67839.1,"c":67839.1,"v":410401.0},{"ts":"2026-02-12T12:43:00Z","o":67839.1,"h":67892.5,"l":67815.6,"c":67892.5,"v":214935.0},{"ts":"2026-02-12T12:44:00Z","o":67892.5,"h":67892.7,"l":67839.8,"c":67839.8,"v":193153.0},{"ts":"2026-02-12T12:45:00Z","o":67839.8,"h":67868.2,"l":67811.3,"c":67818.5,"v":289477.0},{"ts":"2026-02-12T12:46:00Z","o":67818.5,"h":67831.5,"l":67755.8,"c":67823.9,"v":623229.0},{"ts":"2026-02-12T12:47:00Z","o":67823.9,"h":67865.6,"l":67823.9,"c":67853.1,"v":351458.0},{"ts":"2026-02-12T12:48:00Z","o":67853.1,"h":67878.2,"l":67834.3,"c":67865.0,"v":127475.0},{"ts":"2026-02-12T12:49:00Z","o":67865.0,"h":67881.1,"l":67851.3,"c":67881.0,"v":97824.0},{"ts":"2026-02-12T12:50:00Z","o":67881.0,"h":67912.5,"l":67870.6,"c":67899.8,"v":243546.0},{"ts":"2026-02-12T12:51:00Z","o":67899.8,"h":67913.2,"l":67879.9,"c":67894.0,"v":192368.0},{"ts":"2026-02-12T12:52:00Z","o":67894.0,"h":67894.2,"l":67857.6,"c":67878.5,"v":132372.0},{"ts":"2026-02-12T12:53:00Z","o":67878.5,"h":67878.5,"l":67753.7,"c":67779.9,"v":517108.0},{"ts":"2026-02-12T12:54:00Z","o":67779.9,"h":67779.9,"l":67725.4,"c":67754.8,"v":636793.0},{"ts":"2026-02-12T12:55:00Z","o":67754.8,"h":67760.0,"l":67715.1,"c":67729.9,"v":282005.0},{"ts":"2026-02-12T12:56:00Z","o":67729.9,"h":67751.5,"l":67684.8,"c":67708.7,"v":739321.0},{"ts":"2026-02-12T12:57:00Z","o":67708.7,"h":67748.7,"l":67685.0,"c":67745.0,"v":663048.0},{"ts":"2026-02-12T12:58:00Z","o":67745.0,"h":67813.2,"l":67745.0,"c":67807.5,"v":370553.0},{"ts":"2026-02-12T12:59:00Z","o":67807.5,"h":67837.5,"l":67802.5,"c":67832.5,"v":399906.0},{"ts":"2026-02-12T13:00:00Z","o":67832.5,"h":67837.2,"l":67815.0,"c":67837.1,"v":327476.0},{"ts":"2026-02-12T13:01:00Z","o":67837.1,"h":67853.9,"l":67767.4,"c":67773.9,"v":315026.0},{"ts":"2026-02-12T13:02:00Z","o":67773.9,"h":67778.8,"l":67708.5,"c":67726.4,"v":252119.0},{"ts":"2026-02-12T13:03:00Z","o":67726.4,"h":67772.3,"l":67726.3,"c":67757.2,"v":209424.0},{"ts":"2026-02-12T13:04:00Z","o":67757.2,"h":67762.0,"l":67730.0,"c":67733.6,"v":156661.0},{"ts":"2026-02-12T13:05:00Z","o":67733.6,"h":67781.7,"l":67674.5,"c":67674.7,"v":436783.0},{"ts":"2026-02-12T13:06:00Z","o":67674.7,"h":67692.8,"l":67646.1,"c":67673.9,"v":406371.0},{"ts":"2026-02-12T13:07:00Z","o":67673.9,"h":67700.0,"l":67669.5,"c":67676.1,"v":207569.0},{"ts":"2026-02-12T13:08:00Z","o":67676.1,"h":67698.3,"l":67666.0,"c":67697.3,"v":311352.0},{"ts":"2026-02-12T13:09:00Z","o":67697.3,"h":67791.3,"l":67687.0,"c":67784.4,"v":549800.0},{"ts":"2026-02-12T13:10:00Z","o":67784.4,"h":67812.6,"l":67761.0,"c":67761.0,"v":447613.0},{"ts":"2026-02-12T13:11:00Z","o":67761.0,"h":67783.3,"l":67751.1,"c":67783.0,"v":377257.0},{"ts":"2026-02-12T13:12:00Z","o":67783.0,"h":67800.7,"l":67766.0,"c":67786.0,"v":135101.0},{"ts":"2026-02-12T13:13:00Z","o":67786.0,"h":67822.0,"l":67781.2,"c":67792.9,"v":264721.0},{"ts":"2026-02-12T13:14:00Z","o":67792.9,"h":67834.5,"l":67789.9,"c":67814.9,"v":221900.0},{"ts":"2026-02-12T13:15:00Z","o":67814.9,"h":67946.7,"l":67803.2,"c":67937.3,"v":635267.0},{"ts":"2026-02-12T13:16:00Z","o":67937.3,"h":67977.0,"l":67889.6,"c":67962.3,"v":911768.0},{"ts":"2026-02-12T13:17:00Z","o":67962.3,"h":68012.6,"l":67945.8,"c":68009.7,"v":853700.0},{"ts":"2026-02-12T13:18:00Z","o":68009.7,"h":68033.5,"l":67957.4,"c":67980.3,"v":482488.0},{"ts":"2026-02-12T13:19:00Z","o":67980.3,"h":67981.0,"l":67902.0,"c":67960.0,"v":426354.0},{"ts":"2026-02-12T13:20:00Z","o":67960.0,"h":68003.6,"l":67943.9,"c":67960.2,"v":227101.0},{"ts":"2026-02-12T13:21:00Z","o":67960.2,"h":67979.5,"l":67928.9,"c":67939.8,"v":233893.0},{"ts":"2026-02-12T13:22:00Z","o":67939.8,"h":67959.8,"l":67931.4,"c":67943.5,"v":159964.0},{"ts":"2026-02-12T13:23:00Z","o":67943.5,"h":67949.9,"l":67910.0,"c":67927.1,"v":270674.0},{"ts":"2026-02-12T13:24:00Z","o":67927.1,"h":67947.2,"l":67910.0,"c":67910.0,"v":199752.0},{"ts":"2026-02-12T13:25:00Z","o":67910.0,"h":67910.1,"l":67707.6,"c":67746.1,"v":1515901.0},{"ts":"2026-02-12T13:26:00Z","o":67746.1,"h":67746.2,"l":67672.3,"c":67694.5,"v":1046072.0},{"ts":"2026-02-12T13:27:00Z","o":67694.5,"h":67697.4,"l":67649.4,"c":67687.3,"v":529871.0},{"ts":"2026-02-12T13:28:00Z","o":67687.3,"h":67707.3,"l":67670.0,"c":67670.9,"v":233195.0},{"ts":"2026-02-12T13:29:00Z","o":67670.9,"h":67733.3,"l":67670.9,"c":67733.2,"v":321438.0},{"ts":"2026-02-12T13:30:00Z","o":67733.2,"h":67965.5,"l":67691.5,"c":67919.4,"v":1284275.0},{"ts":"2026-02-12T13:31:00Z","o":67919.4,"h":67919.4,"l":67767.3,"c":67811.0,"v":685968.0},{"ts":"2026-02-12T13:32:00Z","o":67811.0,"h":67857.5,"l":67806.2,"c":67828.1,"v":183791.0},{"ts":"2026-02-12T13:33:00Z","o":67828.1,"h":67875.0,"l":67805.7,"c":67862.3,"v":301068.0},{"ts":"2026-02-12T13:34:00Z","o":67862.3,"h":67957.2,"l":67862.2,"c":67920.2,"v":627873.0},{"ts":"2026-02-12T13:35:00Z","o":67920.2,"h":67950.0,"l":67859.4,"c":67900.2,"v":488462.0},{"ts":"2026-02-12T13:36:00Z","o":67900.2,"h":67915.5,"l":67865.1,"c":67915.4,"v":304666.0},{"ts":"2026-02-12T13:37:00Z","o":67915.4,"h":67945.6,"l":67914.1,"c":67943.9,"v":332448.0},{"ts":"2026-02-12T13:38:00Z","o":67943.9,"h":67950.0,"l":67911.3,"c":67918.6,"v":394744.0},{"ts":"2026-02-12T13:39:00Z","o":67918.6,"h":67936.0,"l":67880.1,"c":67897.7,"v":294696.0},{"ts":"2026-02-12T13:40:00Z","o":67897.7,"h":67983.0,"l":67897.6,"c":67967.6,"v":469539.0},{"ts":"2026-02-12T13:41:00Z","o":67967.6,"h":67993.2,"l":67950.0,"c":67992.9,"v":383132.0},{"ts":"2026-02-12T13:42:00Z","o":67992.9,"h":67992.9,"l":67962.1,"c":67989.8,"v":525613.0},{"ts":"2026-02-12T13:43:00Z","o":67989.8,"h":68115.6,"l":67989.7,"c":68110.8,"v":1326843.0},{"ts":"2026-02-12T13:44:00Z","o":68110.8,"h":68129.0,"l":68070.9,"c":68081.4,"v":477793.0},{"ts":"2026-02-12T13:45:00Z","o":68081.4,"h":68116.5,"l":68053.2,"c":68053.2,"v":305339.0},{"ts":"2026-02-12T13:46:00Z","o":68053.2,"h":68087.1,"l":68022.5,"c":68036.6,"v":451936.0},{"ts":"2026-02-12T13:47:00Z","o":68036.6,"h":68058.1,"l":68015.7,"c":68015.8,"v":256560.0},{"ts":"2026-02-12T13:48:00Z","o":68015.8,"h":68071.5,"l":68001.1,"c":68016.8,"v":354544.0},{"ts":"2026-02-12T13:49:00Z","o":68016.8,"h":68017.0,"l":67937.5,"c":67969.7,"v":467451.0},{"ts":"2026-02-12T13:50:00Z","o":67969.7,"h":68007.0,"l":67969.6,"c":67995.5,"v":138717.0},{"ts":"2026-02-12T13:51:00Z","o":67995.5,"h":67995.6,"l":67942.6,"c":67979.4,"v":136200.0},{"ts":"2026-02-12T13:52:00Z","o":67979.4,"h":68029.9,"l":67968.3,"c":68012.3,"v":229668.0},{"ts":"2026-02-12T13:53:00Z","o":68012.3,"h":68084.4,"l":67998.4,"c":68044.1,"v":389753.0},{"ts":"2026-02-12T13:54:00Z","o":68044.1,"h":68072.9,"l":68005.8,"c":68022.8,"v":336285.0},{"ts":"2026-02-12T13:55:00Z","o":68022.8,"h":68095.2,"l":68017.1,"c":68082.7,"v":212973.0},{"ts":"2026-02-12T13:56:00Z","o":68082.7,"h":68109.9,"l":68082.7,"c":68107.5,"v":285918.0},{"ts":"2026-02-12T13:57:00Z","o":68107.5,"h":68230.0,"l":68107.5,"c":68230.0,"v":883997.0},{"ts":"2026-02-12T13:58:00Z","o":68230.0,"h":68366.6,"l":68230.0,"c":68312.5,"v":2040159.0},{"ts":"2026-02-12T13:59:00Z","o":68312.5,"h":68340.0,"l":68265.9,"c":68340.0,"v":624023.0},{"ts":"2026-02-12T14:00:00Z","o":68340.0,"h":68381.5,"l":68186.7,"c":68207.9,"v":936531.0},{"ts":"2026-02-12T14:01:00Z","o":68207.9,"h":68208.0,"l":68120.5,"c":68131.4,"v":722172.0},{"ts":"2026-02-12T14:02:00Z","o":68131.4,"h":68138.7,"l":68042.7,"c":68050.2,"v":679075.0},{"ts":"2026-02-12T14:03:00Z","o":68050.2,"h":68055.5,"l":67952.9,"c":67968.8,"v":764386.0},{"ts":"2026-02-12T14:04:00Z","o":67968.8,"h":67995.0,"l":67948.0,"c":67975.1,"v":651778.0},{"ts":"2026-02-12T14:05:00Z","o":67975.1,"h":67984.2,"l":67916.5,"c":67981.0,"v":475825.0},{"ts":"2026-02-12T14:06:00Z","o":67981.0,"h":67998.3,"l":67870.6,"c":67888.9,"v":754368.0},{"ts":"2026-02-12T14:07:00Z","o":67888.9,"h":67900.0,"l":67820.9,"c":67820.9,"v":837620.0},{"ts":"2026-02-12T14:08:00Z","o":67820.9,"h":67899.5,"l":67820.0,"c":67879.8,"v":629626.0},{"ts":"2026-02-12T14:09:00Z","o":67879.8,"h":67949.0,"l":67857.3,"c":67949.0,"v":387237.0},{"ts":"2026-02-12T14:10:00Z","o":67949.0,"h":68065.9,"l":67948.9,"c":68059.7,"v":957421.0},{"ts":"2026-02-12T14:11:00Z","o":68059.7,"h":68073.1,"l":68000.4,"c":68000.4,"v":333849.0},{"ts":"2026-02-12T14:12:00Z","o":68000.4,"h":68028.1,"l":67977.6,"c":67998.0,"v":425372.0},{"ts":"2026-02-12T14:13:00Z","o":67998.0,"h":68026.3,"l":67989.6,"c":68014.3,"v":284173.0},{"ts":"2026-02-12T14:14:00Z","o":68014.3,"h":68018.4,"l":67957.9,"c":67972.1,"v":373446.0},{"ts":"2026-02-12T14:15:00Z","o":67972.1,"h":67974.6,"l":67837.0,"c":67889.9,"v":933224.0},{"ts":"2026-02-12T14:16:00Z","o":67889.9,"h":67957.2,"l":67889.8,"c":67950.4,"v":521108.0},{"ts":"2026-02-12T14:17:00Z","o":67950.4,"h":67960.0,"l":67920.8,"c":67935.4,"v":165006.0},{"ts":"2026-02-12T14:18:00Z","o":67935.4,"h":67936.2,"l":67861.9,"c":67912.7,"v":628097.0},{"ts":"2026-02-12T14:19:00Z","o":67912.7,"h":67946.3,"l":67900.0,"c":67927.7,"v":604607.0},{"ts":"2026-02-12T14:20:00Z","o":67927.7,"h":67967.9,"l":67916.6,"c":67933.4,"v":425514.0},{"ts":"2026-02-12T14:21:00Z","o":67933.4,"h":68027.0,"l":67933.4,"c":67988.9,"v":469516.0},{"ts":"2026-02-12T14:22:00Z","o":67988.9,"h":68047.0,"l":67988.8,"c":68000.0,"v":383685.0},{"ts":"2026-02-12T14:23:00Z","o":68000.0,"h":68017.1,"l":67910.0,"c":67913.7,"v":676806.0},{"ts":"2026-02-12T14:24:00Z","o":67913.7,"h":67949.6,"l":67887.0,"c":67913.8,"v":925597.0},{"ts":"2026-02-12T14:25:00Z","o":67913.8,"h":67939.1,"l":67910.0,"c":67938.9,"v":119845.0},{"ts":"2026-02-12T14:26:00Z","o":67938.9,"h":67939.0,"l":67905.1,"c":67905.1,"v":237509.0},{"ts":"2026-02-12T14:27:00Z","o":67905.1,"h":67941.1,"l":67875.0,"c":67921.9,"v":236148.0},{"ts":"2026-02-12T14:28:00Z","o":67921.9,"h":67979.4,"l":67921.9,"c":67939.3,"v":347891.0},{"ts":"2026-02-12T14:29:00Z","o":67939.3,"h":67976.1,"l":67939.2,"c":67963.0,"v":274326.0},{"ts":"2026-02-12T14:30:00Z","o":67963.0,"h":68010.8,"l":67873.1,"c":67970.8,"v":550291.0},{"ts":"2026-02-12T14:31:00Z","o":67970.8,"h":68158.0,"l":67865.1,"c":68083.0,"v":1743580.0},{"ts":"2026-02-12T14:32:00Z","o":68083.0,"h":68249.3,"l":68083.0,"c":68209.2,"v":1494674.0},{"ts":"2026-02-12T14:33:00Z","o":68209.2,"h":68235.8,"l":68056.1,"c":68148.3,"v":720520.0},{"ts":"2026-02-12T14:34:00Z","o":68148.3,"h":68172.9,"l":68075.5,"c":68163.0,"v":372655.0},{"ts":"2026-02-12T14:35:00Z","o":68163.0,"h":68195.8,"l":67890.0,"c":67917.5,"v":2037146.0},{"ts":"2026-02-12T14:36:00Z","o":67917.5,"h":67944.0,"l":67742.0,"c":67762.6,"v":2206198.0},{"ts":"2026-02-12T14:37:00Z","o":67762.6,"h":67856.4,"l":67704.3,"c":67856.4,"v":1667515.0},{"ts":"2026-02-12T14:38:00Z","o":67856.4,"h":67968.0,"l":67812.1,"c":67845.2,"v":1509279.0},{"ts":"2026-02-12T14:39:00Z","o":67845.2,"h":67857.5,"l":67744.9,"c":67844.5,"v":803317.0},{"ts":"2026-02-12T14:40:00Z","o":67844.5,"h":68009.9,"l":67804.8,"c":67860.4,"v":1011295.0},{"ts":"2026-02-12T14:41:00Z","o":67860.4,"h":67945.2,"l":67854.9,"c":67900.9,"v":640015.0},{"ts":"2026-02-12T14:42:00Z","o":67900.9,"h":67900.9,"l":67739.9,"c":67750.9,"v":695762.0},{"ts":"2026-02-12T14:43:00Z","o":67750.9,"h":67793.0,"l":67669.0,"c":67752.9,"v":813036.0},{"ts":"2026-02-12T14:44:00Z","o":67752.9,"h":67764.6,"l":67567.9,"c":67587.1,"v":2034541.0},{"ts":"2026-02-12T14:45:00Z","o":67587.1,"h":67678.8,"l":67456.1,"c":67514.4,"v":1880797.0},{"ts":"2026-02-12T14:46:00Z","o":67514.4,"h":67606.1,"l":67453.0,"c":67587.7,"v":1317839.0},{"ts":"2026-02-12T14:47:00Z","o":67587.7,"h":67773.2,"l":67570.4,"c":67731.7,"v":1200202.0},{"ts":"2026-02-12T14:48:00Z","o":67731.7,"h":67750.0,"l":67597.0,"c":67612.7,"v":791679.0},{"ts":"2026-02-12T14:49:00Z","o":67612.7,"h":67691.4,"l":67578.3,"c":67600.5,"v":981970.0},{"ts":"2026-02-12T14:50:00Z","o":67600.5,"h":67812.4,"l":67584.4,"c":67773.8,"v":689244.0},{"ts":"2026-02-12T14:51:00Z","o":67773.8,"h":67875.0,"l":67640.3,"c":67691.7,"v":879763.0},{"ts":"2026-02-12T14:52:00Z","o":67691.7,"h":67772.8,"l":67676.3,"c":67751.8,"v":361402.0},{"ts":"2026-02-12T14:53:00Z","o":67751.8,"h":67925.2,"l":67740.1,"c":67878.2,"v":880683.0},{"ts":"2026-02-12T14:54:00Z","o":67878.2,"h":67968.3,"l":67871.1,"c":67951.0,"v":725713.0},{"ts":"2026-02-12T14:55:00Z","o":67951.0,"h":67961.1,"l":67839.5,"c":67854.2,"v":469524.0},{"ts":"2026-02-12T14:56:00Z","o":67854.2,"h":67874.0,"l":67773.7,"c":67785.8,"v":584719.0},{"ts":"2026-02-12T14:57:00Z","o":67785.8,"h":67785.8,"l":67703.2,"c":67719.2,"v":541989.0},{"ts":"2026-02-12T14:58:00Z","o":67719.2,"h":67722.9,"l":67675.0,"c":67709.3,"v":389036.0},{"ts":"2026-02-12T14:59:00Z","o":67709.3,"h":67712.4,"l":67533.9,"c":67546.6,"v":720304.0},{"ts":"2026-02-12T15:00:00Z","o":67546.6,"h":67633.0,"l":67543.2,"c":67580.1,"v":821888.0},{"ts":"2026-02-12T15:01:00Z","o":67580.1,"h":67729.1,"l":67502.6,"c":67709.1,"v":1146952.0},{"ts":"2026-02-12T15:02:00Z","o":67709.1,"h":67782.5,"l":67510.5,"c":67533.5,"v":1233005.0},{"ts":"2026-02-12T15:03:00Z","o":67533.5,"h":67659.7,"l":67515.3,"c":67571.2,"v":825289.0},{"ts":"2026-02-12T15:04:00Z","o":67571.2,"h":67583.2,"l":67234.3,"c":67268.5,"v":3064286.0},{"ts":"2026-02-12T15:05:00Z","o":67268.5,"h":67326.2,"l":67202.5,"c":67222.6,"v":2170594.0},{"ts":"2026-02-12T15:06:00Z","o":67222.6,"h":67310.0,"l":67110.1,"c":67280.1,"v":2913112.0},{"ts":"2026-02-12T15:07:00Z","o":67280.1,"h":67390.0,"l":67200.1,"c":67274.7,"v":1333500.0},{"ts":"2026-02-12T15:08:00Z","o":67274.7,"h":67310.8,"l":67088.0,"c":67108.6,"v":1117227.0},{"ts":"2026-02-12T15:09:00Z","o":67108.6,"h":67138.7,"l":67044.2,"c":67138.3,"v":1873165.0},{"ts":"2026-02-12T15:10:00Z","o":67138.3,"h":67233.6,"l":66968.2,"c":67191.8,"v":2229295.0},{"ts":"2026-02-12T15:11:00Z","o":67191.8,"h":67231.2,"l":67122.8,"c":67220.2,"v":736978.0},{"ts":"2026-02-12T15:12:00Z","o":67220.2,"h":67313.0,"l":67187.4,"c":67312.9,"v":1381204.0},{"ts":"2026-02-12T15:13:00Z","o":67312.9,"h":67379.9,"l":67294.7,"c":67328.1,"v":1033970.0},{"ts":"2026-02-12T15:14:00Z","o":67328.1,"h":67421.0,"l":67314.1,"c":67382.1,"v":2062841.0},{"ts":"2026-02-12T15:15:00Z","o":67382.1,"h":67483.9,"l":67319.6,"c":67381.0,"v":2682703.0},{"ts":"2026-02-12T15:16:00Z","o":67381.0,"h":67644.5,"l":67377.3,"c":67604.9,"v":1797609.0},{"ts":"2026-02-12T15:17:00Z","o":67604.9,"h":67627.9,"l":67520.9,"c":67545.1,"v":1037888.0},{"ts":"2026-02-12T15:18:00Z","o":67545.1,"h":67633.5,"l":67504.5,"c":67512.8,"v":1231218.0},{"ts":"2026-02-12T15:19:00Z","o":67512.8,"h":67599.0,"l":67441.4,"c":67441.4,"v":862243.0},{"ts":"2026-02-12T15:20:00Z","o":67441.4,"h":67651.8,"l":67441.4,"c":67609.0,"v":599931.0},{"ts":"2026-02-12T15:21:00Z","o":67609.0,"h":67664.0,"l":67508.9,"c":67511.8,"v":529881.0},{"ts":"2026-02-12T15:22:00Z","o":67511.8,"h":67873.3,"l":67508.0,"c":67831.2,"v":1714810.0},{"ts":"2026-02-12T15:23:00Z","o":67831.2,"h":67927.1,"l":67738.1,"c":67780.1,"v":1475574.0},{"ts":"2026-02-12T15:24:00Z","o":67780.1,"h":67837.6,"l":67741.8,"c":67779.6,"v":617859.0},{"ts":"2026-02-12T15:25:00Z","o":67779.6,"h":67852.0,"l":67750.0,"c":67750.1,"v":800044.0},{"ts":"2026-02-12T15:26:00Z","o":67750.1,"h":67779.5,"l":67699.0,"c":67739.9,"v":667720.0},{"ts":"2026-02-12T15:27:00Z","o":67739.9,"h":67774.6,"l":67641.9,"c":67668.5,"v":564868.0},{"ts":"2026-02-12T15:28:00Z","o":67668.5,"h":67858.0,"l":67667.1,"c":67839.3,"v":576192.0},{"ts":"2026-02-12T15:29:00Z","o":67839.3,"h":67848.6,"l":67756.4,"c":67821.6,"v":505863.0},{"ts":"2026-02-12T15:30:00Z","o":67821.6,"h":67971.2,"l":67776.8,"c":67931.2,"v":1273957.0},{"ts":"2026-02-12T15:31:00Z","o":67931.2,"h":67960.0,"l":67903.8,"c":67920.0,"v":640909.0},{"ts":"2026-02-12T15:32:00Z","o":67920.0,"h":67935.9,"l":67705.3,"c":67716.0,"v":1024565.0},{"ts":"2026-02-12T15:33:00Z","o":67716.0,"h":67726.4,"l":67611.9,"c":67635.6,"v":944303.0},{"ts":"2026-02-12T15:34:00Z","o":67635.6,"h":67647.8,"l":67573.3,"c":67617.5,"v":790770.0},{"ts":"2026-02-12T15:35:00Z","o":67617.5,"h":67650.0,"l":67565.0,"c":67622.0,"v":932440.0},{"ts":"2026-02-12T15:36:00Z","o":67622.0,"h":67622.0,"l":67493.2,"c":67598.9,"v":1161051.0},{"ts":"2026-02-12T15:37:00Z","o":67598.9,"h":67605.4,"l":67468.5,"c":67476.0,"v":369189.0},{"ts":"2026-02-12T15:38:00Z","o":67476.0,"h":67490.0,"l":67218.6,"c":67319.4,"v":2163006.0},{"ts":"2026-02-12T15:39:00Z","o":67319.4,"h":67332.9,"l":67250.5,"c":67305.0,"v":911838.0},{"ts":"2026-02-12T15:40:00Z","o":67305.0,"h":67389.4,"l":67223.0,"c":67283.6,"v":723781.0},{"ts":"2026-02-12T15:41:00Z","o":67283.6,"h":67349.7,"l":67247.1,"c":67252.7,"v":390520.0},{"ts":"2026-02-12T15:42:00Z","o":67252.7,"h":67398.2,"l":67214.5,"c":67388.2,"v":773485.0},{"ts":"2026-02-12T15:43:00Z","o":67388.2,"h":67444.9,"l":67358.8,"c":67426.0,"v":766149.0},{"ts":"2026-02-12T15:44:00Z","o":67426.0,"h":67450.0,"l":67350.0,"c":67371.8,"v":437693.0},{"ts":"2026-02-12T15:45:00Z","o":67371.8,"h":67486.5,"l":67285.1,"c":67486.0,"v":704979.0},{"ts":"2026-02-12T15:46:00Z","o":67486.0,"h":67513.3,"l":67373.4,"c":67382.2,"v":496361.0},{"ts":"2026-02-12T15:47:00Z","o":67382.2,"h":67435.0,"l":67355.4,"c":67360.1,"v":471947.0},{"ts":"2026-02-12T15:48:00Z","o":67360.1,"h":67443.9,"l":67290.0,"c":67327.1,"v":667668.0},{"ts":"2026-02-12T15:49:00Z","o":67327.1,"h":67488.9,"l":67320.2,"c":67443.1,"v":641714.0},{"ts":"2026-02-12T15:50:00Z","o":67443.1,"h":67485.0,"l":67365.1,"c":67365.1,"v":565809.0},{"ts":"2026-02-12T15:51:00Z","o":67365.1,"h":67478.3,"l":67326.2,"c":67458.5,"v":481156.0},{"ts":"2026-02-12T15:52:00Z","o":67458.5,"h":67465.9,"l":67318.6,"c":67344.6,"v":502982.0},{"ts":"2026-02-12T15:53:00Z","o":67344.6,"h":67345.4,"l":67247.8,"c":67250.4,"v":498321.0},{"ts":"2026-02-12T15:54:00Z","o":67250.4,"h":67275.4,"l":67111.0,"c":67111.0,"v":941678.0},{"ts":"2026-02-12T15:55:00Z","o":67111.0,"h":67173.6,"l":67061.3,"c":67129.1,"v":1417878.0},{"ts":"2026-02-12T15:56:00Z","o":67129.1,"h":67172.3,"l":67096.0,"c":67111.9,"v":534655.0},{"ts":"2026-02-12T15:57:00Z","o":67111.9,"h":67180.1,"l":67065.8,"c":67089.6,"v":591401.0},{"ts":"2026-02-12T15:58:00Z","o":67089.6,"h":67141.6,"l":67074.0,"c":67114.8,"v":385251.0},{"ts":"2026-02-12T15:59:00Z","o":67114.8,"h":67115.7,"l":67033.6,"c":67103.5,"v":906621.0},{"ts":"2026-02-12T16:00:00Z","o":67103.5,"h":67211.1,"l":67076.5,"c":67184.6,"v":678021.0},{"ts":"2026-02-12T16:01:00Z","o":67184.6,"h":67184.6,"l":67014.5,"c":67054.0,"v":895824.0},{"ts":"2026-02-12T16:02:00Z","o":67054.0,"h":67074.0,"l":66939.7,"c":67042.7,"v":1961632.0},{"ts":"2026-02-12T16:03:00Z","o":67042.7,"h":67128.1,"l":67006.1,"c":67109.3,"v":536072.0},{"ts":"2026-02-12T16:04:00Z","o":67109.3,"h":67191.6,"l":67053.6,"c":67180.0,"v":533310.0},{"ts":"2026-02-12T16:05:00Z","o":67180.0,"h":67208.6,"l":66896.9,"c":66908.1,"v":1259216.0},{"ts":"2026-02-12T16:06:00Z","o":66908.1,"h":66915.0,"l":66812.8,"c":66857.0,"v":1383334.0}],"5m":[{"ts":"2026-02-12T06:10:00Z","o":67043.9,"h":67219.5,"l":67034.3,"c":67080.8,"v":1203423.0},{"ts":"2026-02-12T06:15:00Z","o":67080.8,"h":67188.1,"l":67079.8,"c":67097.7,"v":778597.0},{"ts":"2026-02-12T06:20:00Z","o":67097.7,"h":67176.6,"l":67053.8,"c":67162.7,"v":1242963.0},{"ts":"2026-02-12T06:25:00Z","o":67162.7,"h":67328.5,"l":67162.7,"c":67260.3,"v":1788003.0},{"ts":"2026-02-12T06:30:00Z","o":67260.3,"h":67319.8,"l":67177.1,"c":67198.6,"v":1640682.0},{"ts":"2026-02-12T06:35:00Z","o":67198.6,"h":67227.5,"l":67115.0,"c":67217.6,"v":846497.0},{"ts":"2026-02-12T06:40:00Z","o":67217.6,"h":67295.4,"l":67168.1,"c":67206.6,"v":1455104.0},{"ts":"2026-02-12T06:45:00Z","o":67206.6,"h":67275.5,"l":67145.1,"c":67178.5,"v":1261083.0},{"ts":"2026-02-12T06:50:00Z","o":67178.5,"h":67190.7,"l":67082.9,"c":67098.8,"v":829178.0},{"ts":"2026-02-12T06:55:00Z","o":67098.8,"h":67107.3,"l":67050.0,"c":67096.2,"v":793970.0},{"ts":"2026-02-12T07:00:00Z","o":67096.2,"h":67124.3,"l":66951.1,"c":67050.1,"v":1726426.0},{"ts":"2026-02-12T07:05:00Z","o":67050.1,"h":67050.1,"l":66934.7,"c":66974.2,"v":1380907.0},{"ts":"2026-02-12T07:10:00Z","o":66974.2,"h":66974.3,"l":66903.5,"c":66962.6,"v":958955.0},{"ts":"2026-02-12T07:15:00Z","o":66962.6,"h":67059.3,"l":66923.2,"c":67049.5,"v":710595.0},{"ts":"2026-02-12T07:20:00Z","o":67049.5,"h":67187.2,"l":67042.1,"c":67187.2,"v":932575.0},{"ts":"2026-02-12T07:25:00Z","o":67187.2,"h":67296.8,"l":67182.1,"c":67195.2,"v":1767243.0},{"ts":"2026-02-12T07:30:00Z","o":67195.2,"h":67223.1,"l":67137.8,"c":67146.5,"v":1199676.0},{"ts":"2026-02-12T07:35:00Z","o":67146.5,"h":67200.1,"l":67106.1,"c":67177.3,"v":760091.0},{"ts":"2026-02-12T07:40:00Z","o":67177.3,"h":67224.0,"l":67095.1,"c":67095.1,"v":740135.0},{"ts":"2026-02-12T07:45:00Z","o":67095.1,"h":67140.0,"l":67059.4,"c":67118.1,"v":1154488.0},{"ts":"2026-02-12T07:50:00Z","o":67118.1,"h":67167.0,"l":67085.0,"c":67085.0,"v":720644.0},{"ts":"2026-02-12T07:55:00Z","o":67085.0,"h":67203.4,"l":67077.4,"c":67181.5,"v":1110292.0},{"ts":"2026-02-12T08:00:00Z","o":67181.5,"h":67268.1,"l":67141.8,"c":67146.9,"v":1682716.0},{"ts":"2026-02-12T08:05:00Z","o":67146.9,"h":67306.6,"l":67050.6,"c":67269.7,"v":2039443.0},{"ts":"2026-02-12T08:10:00Z","o":67269.7,"h":67270.5,"l":67166.8,"c":67216.3,"v":723670.0},{"ts":"2026-02-12T08:15:00Z","o":67216.3,"h":67216.3,"l":67034.6,"c":67041.9,"v":1343925.0},{"ts":"2026-02-12T08:20:00Z","o":67041.9,"h":67091.9,"l":66982.5,"c":67050.4,"v":1736362.0},{"ts":"2026-02-12T08:25:00Z","o":67050.4,"h":67050.4,"l":66859.5,"c":66896.2,"v":1897797.0},{"ts":"2026-02-12T08:30:00Z","o":66896.2,"h":66980.0,"l":66878.3,"c":66943.9,"v":1238748.0},{"ts":"2026-02-12T08:35:00Z","o":66943.9,"h":67014.5,"l":66918.5,"c":66957.5,"v":1090409.0},{"ts":"2026-02-12T08:40:00Z","o":66957.5,"h":67038.0,"l":66942.7,"c":66942.8,"v":1157654.0},{"ts":"2026-02-12T08:45:00Z","o":66942.8,"h":67006.5,"l":66942.7,"c":66970.1,"v":1126384.0},{"ts":"2026-02-12T08:50:00Z","o":66970.1,"h":67077.0,"l":66970.0,"c":67076.9,"v":913328.0},{"ts":"2026-02-12T08:55:00Z","o":67076.9,"h":67127.9,"l":67048.1,"c":67107.3,"v":1042026.0},{"ts":"2026-02-12T09:00:00Z","o":67107.3,"h":67114.5,"l":67015.5,"c":67100.0,"v":1228324.0},{"ts":"2026-02-12T09:05:00Z","o":67100.0,"h":67100.0,"l":67012.2,"c":67036.1,"v":609198.0},{"ts":"2026-02-12T09:10:00Z","o":67036.1,"h":67199.2,"l":67028.6,"c":67158.8,"v":2250542.0},{"ts":"2026-02-12T09:15:00Z","o":67158.8,"h":67233.5,"l":67131.5,"c":67187.5,"v":1090451.0},{"ts":"2026-02-12T09:20:00Z","o":67187.5,"h":67259.0,"l":67177.2,"c":67245.4,"v":1544598.0},{"ts":"2026-02-12T09:25:00Z","o":67245.4,"h":67293.4,"l":67196.6,"c":67263.0,"v":2090243.0},{"ts":"2026-02-12T09:30:00Z","o":67263.0,"h":67439.1,"l":67213.7,"c":67428.1,"v":2733826.0},{"ts":"2026-02-12T09:35:00Z","o":67428.1,"h":67437.7,"l":67325.7,"c":67340.9,"v":1304543.0},{"ts":"2026-02-12T09:40:00Z","o":67340.9,"h":67424.2,"l":67331.0,"c":67388.6,"v":946472.0},{"ts":"2026-02-12T09:45:00Z","o":67388.6,"h":67428.7,"l":67321.9,"c":67339.8,"v":1412394.0},{"ts":"2026-02-12T09:50:00Z","o":67339.8,"h":67531.2,"l":67320.0,"c":67471.5,"v":2489936.0},{"ts":"2026-02-12T09:55:00Z","o":67471.5,"h":67680.0,"l":67461.3,"c":67517.7,"v":3263672.0},{"ts":"2026-02-12T10:00:00Z","o":67517.7,"h":67580.0,"l":67480.0,"c":67519.9,"v":1665786.0},{"ts":"2026-02-12T10:05:00Z","o":67519.9,"h":67597.9,"l":67491.6,"c":67506.5,"v":1096283.0},{"ts":"2026-02-12T10:10:00Z","o":67506.5,"h":67539.6,"l":67449.9,"c":67539.0,"v":1076315.0},{"ts":"2026-02-12T10:15:00Z","o":67539.0,"h":67539.0,"l":67438.0,"c":67469.4,"v":1052021.0},{"ts":"2026-02-12T10:20:00Z","o":67469.4,"h":67494.2,"l":67381.8,"c":67389.5,"v":1558878.0},{"ts":"2026-02-12T10:25:00Z","o":67389.5,"h":67582.3,"l":67389.5,"c":67580.9,"v":1545187.0},{"ts":"2026-02-12T10:30:00Z","o":67580.9,"h":67819.7,"l":67576.1,"c":67702.7,"v":3522631.0},{"ts":"2026-02-12T10:35:00Z","o":67702.7,"h":67777.0,"l":67666.8,"c":67706.9,"v":1347747.0},{"ts":"2026-02-12T10:40:00Z","o":67706.9,"h":67710.1,"l":67606.8,"c":67635.9,"v":1146382.0},{"ts":"2026-02-12T10:45:00Z","o":67635.9,"h":67874.9,"l":67621.7,"c":67810.0,"v":2784741.0},{"ts":"2026-02-12T10:50:00Z","o":67810.0,"h":67883.0,"l":67755.8,"c":67867.2,"v":1564351.0},{"ts":"2026-02-12T10:55:00Z","o":67867.2,"h":67994.4,"l":67817.7,"c":67978.0,"v":3230184.0},{"ts":"2026-02-12T11:00:00Z","o":67978.0,"h":68090.1,"l":67902.0,"c":68015.6,"v":4287113.0},{"ts":"2026-02-12T11:05:00Z","o":68015.6,"h":68076.9,"l":67892.2,"c":67909.4,"v":2508445.0},{"ts":"2026-02-12T11:10:00Z","o":67909.4,"h":67909.5,"l":67707.6,"c":67874.1,"v":2490483.0},{"ts":"2026-02-12T11:15:00Z","o":67874.1,"h":67984.0,"l":67799.4,"c":67907.1,"v":2336493.0},{"ts":"2026-02-12T11:20:00Z","o":67907.1,"h":68066.6,"l":67905.7,"c":68065.7,"v":2611127.0},{"ts":"2026-02-12T11:25:00Z","o":68065.7,"h":68228.4,"l":67992.9,"c":68170.3,"v":3477459.0},{"ts":"2026-02-12T11:30:00Z","o":68170.3,"h":68257.9,"l":68075.2,"c":68141.3,"v":2653723.0},{"ts":"2026-02-12T11:35:00Z","o":68141.3,"h":68141.3,"l":68045.0,"c":68103.3,"v":1430850.0},{"ts":"2026-02-12T11:40:00Z","o":68103.3,"h":68106.0,"l":67999.9,"c":68057.0,"v":1174011.0},{"ts":"2026-02-12T11:45:00Z","o":68057.0,"h":68083.0,"l":67995.3,"c":68051.7,"v":1113385.0},{"ts":"2026-02-12T11:50:00Z","o":68051.7,"h":68130.5,"l":67970.8,"c":68075.7,"v":2052923.0},{"ts":"2026-02-12T11:55:00Z","o":68075.7,"h":68139.6,"l":68035.3,"c":68035.3,"v":1311020.0},{"ts":"2026-02-12T12:00:00Z","o":68035.3,"h":68125.8,"l":67900.1,"c":67900.4,"v":2356771.0},{"ts":"2026-02-12T12:05:00Z","o":67900.4,"h":67948.9,"l":67850.0,"c":67903.4,"v":2450295.0},{"ts":"2026-02-12T12:10:00Z","o":67903.4,"h":68015.1,"l":67896.0,"c":67988.6,"v":1369601.0},{"ts":"2026-02-12T12:15:00Z","o":67988.6,"h":68005.0,"l":67869.8,"c":67891.5,"v":2174053.0},{"ts":"2026-02-12T12:20:00Z","o":67891.5,"h":67949.8,"l":67823.4,"c":67828.6,"v":1402169.0},{"ts":"2026-02-12T12:25:00Z","o":67828.6,"h":67979.4,"l":67825.4,"c":67948.7,"v":1266082.0},{"ts":"2026-02-12T12:30:00Z","o":67948.7,"h":67966.9,"l":67838.0,"c":67844.2,"v":957143.0},{"ts":"2026-02-12T12:35:00Z","o":67844.2,"h":67883.6,"l":67816.4,"c":67866.7,"v":844283.0},{"ts":"2026-02-12T12:40:00Z","o":67866.7,"h":67932.7,"l":67815.6,"c":67839.8,"v":1144584.0},{"ts":"2026-02-12T12:45:00Z","o":67839.8,"h":67881.1,"l":67755.8,"c":67881.0,"v":1489463.0},{"ts":"2026-02-12T12:50:00Z","o":67881.0,"h":67913.2,"l":67725.4,"c":67754.8,"v":1722187.0},{"ts":"2026-02-12T12:55:00Z","o":67754.8,"h":67837.5,"l":67684.8,"c":67832.5,"v":2454833.0},{"ts":"2026-02-12T13:00:00Z","o":67832.5,"h":67853.9,"l":67708.5,"c":67733.6,"v":1260706.0},{"ts":"2026-02-12T13:05:00Z","o":67733.6,"h":67791.3,"l":67646.1,"c":67784.4,"v":1911875.0},{"ts":"2026-02-12T13:10:00Z","o":67784.4,"h":67834.5,"l":67751.1,"c":67814.9,"v":1446592.0},{"ts":"2026-02-12T13:15:00Z","o":67814.9,"h":68033.5,"l":67803.2,"c":67960.0,"v":3309577.0},{"ts":"2026-02-12T13:20:00Z","o":67960.0,"h":68003.6,"l":67910.0,"c":67910.0,"v":1091384.0},{"ts":"2026-02-12T13:25:00Z","o":67910.0,"h":67910.1,"l":67649.4,"c":67733.2,"v":3646477.0},{"ts":"2026-02-12T13:30:00Z","o":67733.2,"h":67965.5,"l":67691.5,"c":67920.2,"v":3082975.0},{"ts":"2026-02-12T13:35:00Z","o":67920.2,"h":67950.0,"l":67859.4,"c":67897.7,"v":1815016.0},{"ts":"2026-02-12T13:40:00Z","o":67897.7,"h":68129.0,"l":67897.6,"c":68081.4,"v":3182920.0},{"ts":"2026-02-12T13:45:00Z","o":68081.4,"h":68116.5,"l":67937.5,"c":67969.7,"v":1835830.0},{"ts":"2026-02-12T13:50:00Z","o":67969.7,"h":68084.4,"l":67942.6,"c":68022.8,"v":1230623.0},{"ts":"2026-02-12T13:55:00Z","o":68022.8,"h":68366.6,"l":68017.1,"c":68340.0,"v":4047070.0},{"ts":"2026-02-12T14:00:00Z","o":68340.0,"h":68381.5,"l":67948.0,"c":67975.1,"v":3753942.0},{"ts":"2026-02-12T14:05:00Z","o":67975.1,"h":67998.3,"l":67820.0,"c":67949.0,"v":3084676.0},{"ts":"2026-02-12T14:10:00Z","o":67949.0,"h":68073.1,"l":67948.9,"c":67972.1,"v":2374261.0},{"ts":"2026-02-12T14:15:00Z","o":67972.1,"h":67974.6,"l":67837.0,"c":67927.7,"v":2852042.0},{"ts":"2026-02-12T14:20:00Z","o":67927.7,"h":68047.0,"l":67887.0,"c":67913.8,"v":2881118.0},{"ts":"2026-02-12T14:25:00Z","o":67913.8,"h":67979.4,"l":67875.0,"c":67963.0,"v":1215719.0},{"ts":"2026-02-12T14:30:00Z","o":67963.0,"h":68249.3,"l":67865.1,"c":68163.0,"v":4881720.0},{"ts":"2026-02-12T14:35:00Z","o":68163.0,"h":68195.8,"l":67704.3,"c":67844.5,"v":8223455.0},{"ts":"2026-02-12T14:40:00Z","o":67844.5,"h":68009.9,"l":67567.9,"c":67587.1,"v":5194649.0},{"ts":"2026-02-12T14:45:00Z","o":67587.1,"h":67773.2,"l":67453.0,"c":67600.5,"v":6172487.0},{"ts":"2026-02-12T14:50:00Z","o":67600.5,"h":67968.3,"l":67584.4,"c":67951.0,"v":3536805.0},{"ts":"2026-02-12T14:55:00Z","o":67951.0,"h":67961.1,"l":67533.9,"c":67546.6,"v":2705572.0},{"ts":"2026-02-12T15:00:00Z","o":67546.6,"h":67782.5,"l":67234.3,"c":67268.5,"v":7091420.0},{"ts":"2026-02-12T15:05:00Z","o":67268.5,"h":67390.0,"l":67044.2,"c":67138.3,"v":9407598.0},{"ts":"2026-02-12T15:10:00Z","o":67138.3,"h":67421.0,"l":66968.2,"c":67382.1,"v":7444288.0},{"ts":"2026-02-12T15:15:00Z","o":67382.1,"h":67644.5,"l":67319.6,"c":67441.4,"v":7611661.0},{"ts":"2026-02-12T15:20:00Z","o":67441.4,"h":67927.1,"l":67441.4,"c":67779.6,"v":4938055.0},{"ts":"2026-02-12T15:25:00Z","o":67779.6,"h":67858.0,"l":67641.9,"c":67821.6,"v":3114687.0},{"ts":"2026-02-12T15:30:00Z","o":67821.6,"h":67971.2,"l":67573.3,"c":67617.5,"v":4674504.0},{"ts":"2026-02-12T15:35:00Z","o":67617.5,"h":67650.0,"l":67218.6,"c":67305.0,"v":5537524.0},{"ts":"2026-02-12T15:40:00Z","o":67305.0,"h":67450.0,"l":67214.5,"c":67371.8,"v":3091628.0},{"ts":"2026-02-12T15:45:00Z","o":67371.8,"h":67513.3,"l":67285.1,"c":67443.1,"v":2982669.0},{"ts":"2026-02-12T15:50:00Z","o":67443.1,"h":67485.0,"l":67111.0,"c":67111.0,"v":2989946.0},{"ts":"2026-02-12T15:55:00Z","o":67111.0,"h":67180.1,"l":67033.6,"c":67103.5,"v":3835806.0},{"ts":"2026-02-12T16:00:00Z","o":67103.5,"h":67211.1,"l":66939.7,"c":67180.0,"v":4604859.0},{"ts":"2026-02-12T16:05:00Z","o":67180.0,"h":67208.6,"l":66812.8,"c":66847.7,"v":2651018.0}],"15m":[{"ts":"2026-02-11T20:15:00Z","o":67613.3,"h":67719.1,"l":67176.7,"c":67178.0,"v":7435454.0},{"ts":"2026-02-11T20:30:00Z","o":67178.0,"h":67407.2,"l":67147.1,"c":67271.1,"v":5647417.0},{"ts":"2026-02-11T20:45:00Z","o":67271.1,"h":67620.1,"l":67257.4,"c":67518.6,"v":7397717.0},{"ts":"2026-02-11T21:00:00Z","o":67518.6,"h":67727.8,"l":67377.7,"c":67652.4,"v":4399826.0},{"ts":"2026-02-11T21:15:00Z","o":67652.4,"h":68190.0,"l":67553.5,"c":68155.0,"v":11989588.0},{"ts":"2026-02-11T21:30:00Z","o":68155.0,"h":68318.2,"l":67892.6,"c":67957.4,"v":12290341.0},{"ts":"2026-02-11T21:45:00Z","o":67957.4,"h":67994.6,"l":67766.7,"c":67778.7,"v":6271264.0},{"ts":"2026-02-11T22:00:00Z","o":67778.7,"h":67844.1,"l":67565.0,"c":67637.5,"v":6510244.0},{"ts":"2026-02-11T22:15:00Z","o":67637.5,"h":67755.9,"l":67356.2,"c":67535.1,"v":5578739.0},{"ts":"2026-02-11T22:30:00Z","o":67535.1,"h":67656.7,"l":67360.4,"c":67606.6,"v":5292369.0},{"ts":"2026-02-11T22:45:00Z","o":67606.6,"h":67685.1,"l":67372.2,"c":67386.9,"v":4047854.0},{"ts":"2026-02-11T23:00:00Z","o":67386.9,"h":67528.7,"l":67203.6,"c":67300.1,"v":8565425.0},{"ts":"2026-02-11T23:15:00Z","o":67300.1,"h":67369.0,"l":66859.8,"c":66983.0,"v":9854439.0},{"ts":"2026-02-11T23:30:00Z","o":66983.0,"h":67104.0,"l":66757.4,"c":67050.0,"v":6800944.0},{"ts":"2026-02-11T23:45:00Z","o":67050.0,"h":67076.6,"l":66849.8,"c":67048.6,"v":3470321.0},{"ts":"2026-02-12T00:00:00Z","o":67048.6,"h":67346.2,"l":67018.3,"c":67329.0,"v":5486930.0},{"ts":"2026-02-12T00:15:00Z","o":67329.0,"h":67481.5,"l":67278.1,"c":67350.0,"v":4205358.0},{"ts":"2026-02-12T00:30:00Z","o":67350.0,"h":67679.2,"l":67350.0,"c":67551.5,"v":5384280.0},{"ts":"2026-02-12T00:45:00Z","o":67551.5,"h":67650.0,"l":67431.2,"c":67431.2,"v":2786849.0},{"ts":"2026-02-12T01:00:00Z","o":67431.2,"h":67677.4,"l":67430.5,"c":67672.0,"v":2669185.0},{"ts":"2026-02-12T01:15:00Z","o":67672.0,"h":67849.0,"l":67523.5,"c":67778.2,"v":6049206.0},{"ts":"2026-02-12T01:30:00Z","o":67778.2,"h":68018.3,"l":67730.1,"c":67820.9,"v":4716114.0},{"ts":"2026-02-12T01:45:00Z","o":67820.9,"h":67845.2,"l":67577.1,"c":67668.3,"v":4188464.0},{"ts":"2026-02-12T02:00:00Z","o":67668.3,"h":67769.8,"l":67462.8,"c":67466.3,"v":3998837.0},{"ts":"2026-02-12T02:15:00Z","o":67466.3,"h":67545.3,"l":67380.1,"c":67499.1,"v":3526709.0},{"ts":"2026-02-12T02:30:00Z","o":67499.1,"h":67728.2,"l":67448.8,"c":67711.4,"v":3360156.0},{"ts":"2026-02-12T02:45:00Z","o":67711.4,"h":67722.5,"l":67390.0,"c":67408.5,"v":3812284.0},{"ts":"2026-02-12T03:00:00Z","o":67408.5,"h":67532.2,"l":67325.6,"c":67463.4,"v":3194089.0},{"ts":"2026-02-12T03:15:00Z","o":67463.4,"h":67493.9,"l":67283.7,"c":67356.1,"v":3584346.0},{"ts":"2026-02-12T03:30:00Z","o":67356.1,"h":67514.2,"l":67301.5,"c":67469.5,"v":3404816.0},{"ts":"2026-02-12T03:45:00Z","o":67469.5,"h":67564.2,"l":67410.1,"c":67555.4,"v":2806074.0},{"ts":"2026-02-12T04:00:00Z","o":67555.4,"h":67656.0,"l":67461.3,"c":67551.4,"v":3735568.0},{"ts":"2026-02-12T04:15:00Z","o":67551.4,"h":67565.2,"l":67163.8,"c":67183.4,"v":4950855.0},{"ts":"2026-02-12T04:30:00Z","o":67183.4,"h":67265.0,"l":67031.0,"c":67206.5,"v":5136731.0},{"ts":"2026-02-12T04:45:00Z","o":67206.5,"h":67251.1,"l":66962.1,"c":66989.9,"v":4113380.0},{"ts":"2026-02-12T05:00:00Z","o":66989.9,"h":67176.1,"l":66735.6,"c":66776.6,"v":6404874.0},{"ts":"2026-02-12T05:15:00Z","o":66776.6,"h":66956.1,"l":66640.0,"c":66850.0,"v":4305129.0},{"ts":"2026-02-12T05:30:00Z","o":66850.0,"h":67100.1,"l":66829.4,"c":67056.2,"v":2798916.0},{"ts":"2026-02-12T05:45:00Z","o":67056.2,"h":67134.3,"l":66969.2,"c":67104.6,"v":2691044.0},{"ts":"2026-02-12T06:00:00Z","o":67104.6,"h":67219.5,"l":66980.0,"c":67080.8,"v":2755685.0},{"ts":"2026-02-12T06:15:00Z","o":67080.8,"h":67328.5,"l":67053.8,"c":67260.3,"v":3809563.0},{"ts":"2026-02-12T06:30:00Z","o":67260.3,"h":67319.8,"l":67115.0,"c":67206.6,"v":3942283.0},{"ts":"2026-02-12T06:45:00Z","o":67206.6,"h":67275.5,"l":67050.0,"c":67096.2,"v":2884231.0},{"ts":"2026-02-12T07:00:00Z","o":67096.2,"h":67124.3,"l":66903.5,"c":66962.6,"v":4066288.0},{"ts":"2026-02-12T07:15:00Z","o":66962.6,"h":67296.8,"l":66923.2,"c":67195.2,"v":3410413.0},{"ts":"2026-02-12T07:30:00Z","o":67195.2,"h":67224.0,"l":67095.1,"c":67095.1,"v":2699902.0},{"ts":"2026-02-12T07:45:00Z","o":67095.1,"h":67203.4,"l":67059.4,"c":67181.5,"v":2985424.0},{"ts":"2026-02-12T08:00:00Z","o":67181.5,"h":67306.6,"l":67050.6,"c":67216.3,"v":4445829.0},{"ts":"2026-02-12T08:15:00Z","o":67216.3,"h":67216.3,"l":66859.5,"c":66896.2,"v":4978084.0},{"ts":"2026-02-12T08:30:00Z","o":66896.2,"h":67038.0,"l":66878.3,"c":66942.8,"v":3486811.0},{"ts":"2026-02-12T08:45:00Z","o":66942.8,"h":67127.9,"l":66942.7,"c":67107.3,"v":3081738.0},{"ts":"2026-02-12T09:00:00Z","o":67107.3,"h":67199.2,"l":67012.2,"c":67158.8,"v":4088064.0},{"ts":"2026-02-12T09:15:00Z","o":67158.8,"h":67293.4,"l":67131.5,"c":67263.0,"v":4725292.0},{"ts":"2026-02-12T09:30:00Z","o":67263.0,"h":67439.1,"l":67213.7,"c":67388.6,"v":4984841.0},{"ts":"2026-02-12T09:45:00Z","o":67388.6,"h":67680.0,"l":67320.0,"c":67517.7,"v":7166002.0},{"ts":"2026-02-12T10:00:00Z","o":67517.7,"h":67597.9,"l":67449.9,"c":67539.0,"v":3838384.0},{"ts":"2026-02-12T10:15:00Z","o":67539.0,"h":67582.3,"l":67381.8,"c":67580.9,"v":4156086.0},{"ts":"2026-02-12T10:30:00Z","o":67580.9,"h":67819.7,"l":67576.1,"c":67635.9,"v":6016760.0},{"ts":"2026-02-12T10:45:00Z","o":67635.9,"h":67994.4,"l":67621.7,"c":67978.0,"v":7579276.0},{"ts":"2026-02-12T11:00:00Z","o":67978.0,"h":68090.1,"l":67707.6,"c":67874.1,"v":9286041.0},{"ts":"2026-02-12T11:15:00Z","o":67874.1,"h":68228.4,"l":67799.4,"c":68170.3,"v":8425079.0},{"ts":"2026-02-12T11:30:00Z","o":68170.3,"h":68257.9,"l":67999.9,"c":68057.0,"v":5258584.0},{"ts":"2026-02-12T11:45:00Z","o":68057.0,"h":68139.6,"l":67970.8,"c":68035.3,"v":4477328.0},{"ts":"2026-02-12T12:00:00Z","o":68035.3,"h":68125.8,"l":67850.0,"c":67988.6,"v":6176667.0},{"ts":"2026-02-12T12:15:00Z","o":67988.6,"h":68005.0,"l":67823.4,"c":67948.7,"v":4842304.0},{"ts":"2026-02-12T12:30:00Z","o":67948.7,"h":67966.9,"l":67815.6,"c":67839.8,"v":2946010.0},{"ts":"2026-02-12T12:45:00Z","o":67839.8,"h":67913.2,"l":67684.8,"c":67832.5,"v":5666483.0},{"ts":"2026-02-12T13:00:00Z","o":67832.5,"h":67853.9,"l":67646.1,"c":67814.9,"v":4619173.0},{"ts":"2026-02-12T13:15:00Z","o":67814.9,"h":68033.5,"l":67649.4,"c":67733.2,"v":8047438.0},{"ts":"2026-02-12T13:30:00Z","o":67733.2,"h":68129.0,"l":67691.5,"c":68081.4,"v":8080911.0},{"ts":"2026-02-12T13:45:00Z","o":68081.4,"h":68366.6,"l":67937.5,"c":68340.0,"v":7113523.0},{"ts":"2026-02-12T14:00:00Z","o":68340.0,"h":68381.5,"l":67820.0,"c":67972.1,"v":9212879.0},{"ts":"2026-02-12T14:15:00Z","o":67972.1,"h":68047.0,"l":67837.0,"c":67963.0,"v":6948879.0},{"ts":"2026-02-12T14:30:00Z","o":67963.0,"h":68249.3,"l":67567.9,"c":67587.1,"v":18299824.0},{"ts":"2026-02-12T14:45:00Z","o":67587.1,"h":67968.3,"l":67453.0,"c":67546.6,"v":12414864.0},{"ts":"2026-02-12T15:00:00Z","o":67546.6,"h":67782.5,"l":66968.2,"c":67382.1,"v":23943306.0},{"ts":"2026-02-12T15:15:00Z","o":67382.1,"h":67927.1,"l":67319.6,"c":67821.6,"v":15664403.0},{"ts":"2026-02-12T15:30:00Z","o":67821.6,"h":67971.2,"l":67214.5,"c":67371.8,"v":13303656.0},{"ts":"2026-02-12T15:45:00Z","o":67371.8,"h":67513.3,"l":67033.6,"c":67103.5,"v":9808421.0},{"ts":"2026-02-12T16:00:00Z","o":67103.5,"h":67211.1,"l":66812.8,"c":66847.7,"v":7255877.0}]},"features":{"P_used":66847.6,"orderbook":{"topN":20,"bandPct":0.0015,"bidSumTopN":125177.0,"askSumTopN":202830.0,"bidAskRatioTopN":0.6171522950253907,"bestBid":66855.1,"bestAsk":66856.5,"spread":1.3999999999941792,"spreadBps":0.20943160262959018,"nearBand":{"bidCount":20,"askCount":20,"topBidWall":{"price":66854.1,"size":13618.0},"topAskWall":{"price":66857.3,"size":103260.0}}},"orderbookHistory":{"available":true,"bidWall":{"samples":0,"persistRate":null,"churnRate":null,"sizeCv":null},"askWall":{"samples":0,"persistRate":null,"churnRate":null,"sizeCv":null}},"trades":{"available":true,"buyVol":10555.0,"sellVol":14325.0,"buyCnt":21,"sellCnt":19,"buyVolRatio":0.4242363344051447,"sellVolRatio":0.5757636655948553,"maxTrade":{"price":66844.2,"vol":4376.0,"T":2}},"openInterest":{"available":true,"windowSamples":24,"oiStart":580396416.0,"oiEnd":582288297.0,"oiChange":1891881.0,"oiChangePct":0.3259635910639393,"pxStart":66856.5,"pxEnd":66628.3,"pxChangePct":-0.34132806832543894,"leverageChaseFlag":true},"context":{"available":true,"range15m":{"hi":68381.5,"lo":66812.8,"pos01":0.022247721042898096,"lastClose":66847.7,"meanClose":67771.86},"range5m":{"hi":68381.5,"lo":66812.8,"pos01":0.022247721042898096,"lastClose":66847.7,"meanClose":67788.90166666667}}}}