{"meta":{"exchange":"MEXC","market":"FUTURES","symbol":"BTC_USDT","generated_at":"2026-02-13T14:13:15Z"},"marketInfo":{"priceUnit":0.1,"volUnit":1,"minVol":1,"contractSize":0.0001,"priceScale":1,"volScale":0,"maxLeverage":500},"price":{"ticker":{"contractId":10,"symbol":"BTC_USDT","lastPrice":67204,"bid1":67204,"ask1":67204.1,"volume24":252033196,"amount24":1676744853.18484,"holdVol":521817561,"lower24Price":65081.1,"high24Price":68381.5,"riseFallRate":0.0014,"riseFallValue":100.5,"indexPrice":67241.02,"fairPrice":67206.4,"fundingRate":-4e-06,"maxBidPrice":73965.1,"minAskPrice":60516.9,"timestamp":1770991993728,"riseFallRates":{"zone":"UTC+8","r":0.0014,"v":100.5,"r7":-0.0036,"r30":-0.2804,"r90":-0.3054,"r180":-0.4286,"r365":-0.2982},"riseFallRatesOfTimezone":[-0.0166,0.0145,0.0014]},"funding":{"symbol":"BTC_USDT","fundingRate":-4e-06,"maxFundingRate":0.0018,"minFundingRate":-0.0018,"collectCycle":8,"nextSettleTime":1770998400000,"timestamp":1770991996022},"index":{"symbol":"BTC_USDT","indexPrice":67241.16,"timestamp":1770991996267},"fair":{"symbol":"BTC_USDT","fairPrice":67206.5,"timestamp":1770991996624}},"metrics":{"openInterestNow":521817561,"oiHistory":[{"t":1770991999238,"lastPrice":67203.9,"bid1":67200,"ask1":67200.1,"holdVol":521808825,"fundingRate":-4e-06,"indexPrice":67241.17,"fairPrice":67206.5},{"t":1770992001624,"lastPrice":67200.1,"bid1":67200,"ask1":67200.1,"holdVol":521726006,"fundingRate":-4e-06,"indexPrice":67241.19,"fairPrice":67206.5},{"t":1770992004013,"lastPrice":67200,"bid1":67200,"ask1":67200.1,"holdVol":521744659,"fundingRate":-4e-06,"indexPrice":67239.2,"fairPrice":67204.4},{"t":1770992006390,"lastPrice":67200,"bid1":67200,"ask1":67200.1,"holdVol":521744659,"fundingRate":-4e-06,"indexPrice":67239.2,"fairPrice":67204.4},{"t":1770992008786,"lastPrice":67200,"bid1":67200,"ask1":67200.1,"holdVol":521749420,"fundingRate":-4e-06,"indexPrice":67238.81,"fairPrice":67204},{"t":1770992011157,"lastPrice":67200,"bid1":67200,"ask1":67200.1,"holdVol":521773824,"fundingRate":-4e-06,"indexPrice":67238.53,"fairPrice":67203.7},{"t":1770992013545,"lastPrice":67201,"bid1":67201,"ask1":67201.1,"holdVol":521793696,"fundingRate":-4e-06,"indexPrice":67236.2,"fairPrice":67201.3},{"t":1770992015970,"lastPrice":67170,"bid1":67169,"ask1":67169.1,"holdVol":521762630,"fundingRate":-4e-06,"indexPrice":67211.74,"fairPrice":67187.6},{"t":1770992018353,"lastPrice":67146.8,"bid1":67146.8,"ask1":67146.9,"holdVol":521806752,"fundingRate":-4e-06,"indexPrice":67187.88,"fairPrice":67153},{"t":1770992020728,"lastPrice":67146.8,"bid1":67146.8,"ask1":67146.9,"holdVol":521806752,"fundingRate":-4e-06,"indexPrice":67187.88,"fairPrice":67153},{"t":1770992023103,"lastPrice":67137,"bid1":67137,"ask1":67137.1,"holdVol":521881430,"fundingRate":-4e-06,"indexPrice":67179.61,"fairPrice":67144.7},{"t":1770992025504,"lastPrice":67136.4,"bid1":67136.3,"ask1":67136.4,"holdVol":521946508,"fundingRate":-4e-06,"indexPrice":67171.06,"fairPrice":67136.8},{"t":1770992027909,"lastPrice":67131,"bid1":67131,"ask1":67131.1,"holdVol":521923900,"fundingRate":-4e-06,"indexPrice":67171.99,"fairPrice":67137},{"t":1770992030283,"lastPrice":67131,"bid1":67131,"ask1":67131.1,"holdVol":521923900,"fundingRate":-4e-06,"indexPrice":67171.99,"fairPrice":67137},{"t":1770992032662,"lastPrice":67136.1,"bid1":67136.1,"ask1":67136.2,"holdVol":521943139,"fundingRate":-4e-06,"indexPrice":67170.43,"fairPrice":67136.2},{"t":1770992035046,"lastPrice":67139.9,"bid1":67139.9,"ask1":67140,"holdVol":521737728,"fundingRate":-4e-06,"indexPrice":67175.69,"fairPrice":67140.7},{"t":1770992037546,"lastPrice":67139.1,"bid1":67139,"ask1":67139.1,"holdVol":521749593,"fundingRate":-4e-06,"indexPrice":67176.37,"fairPrice":67141.3},{"t":1770992039927,"lastPrice":67149.9,"bid1":67152.1,"ask1":67152.2,"holdVol":521799004,"fundingRate":-4e-06,"indexPrice":67184.98,"fairPrice":67150},{"t":1770992042313,"lastPrice":67145.6,"bid1":67140,"ask1":67142.9,"holdVol":521870256,"fundingRate":-4e-06,"indexPrice":67181.78,"fairPrice":67146.7},{"t":1770992044692,"lastPrice":67137.6,"bid1":67137.5,"ask1":67137.6,"holdVol":522429897,"fundingRate":-4e-06,"indexPrice":67174.64,"fairPrice":67142.9},{"t":1770992047081,"lastPrice":67137.6,"bid1":67137.5,"ask1":67137.6,"holdVol":522429897,"fundingRate":-4e-06,"indexPrice":67174.64,"fairPrice":67142.9},{"t":1770992049474,"lastPrice":67137.2,"bid1":67136.1,"ask1":67136.2,"holdVol":522318604,"fundingRate":-4e-06,"indexPrice":67171.17,"fairPrice":67137.6},{"t":1770992051855,"lastPrice":67115.7,"bid1":67118,"ask1":67118.1,"holdVol":522485001,"fundingRate":-4e-06,"indexPrice":67151.32,"fairPrice":67116.6},{"t":1770992054248,"lastPrice":67126.4,"bid1":67126.4,"ask1":67126.5,"holdVol":522496012,"fundingRate":-4e-06,"indexPrice":67162.19,"fairPrice":67127.1},{"t":1770992056659,"lastPrice":67126.4,"bid1":67126.4,"ask1":67126.5,"holdVol":522496012,"fundingRate":-4e-06,"indexPrice":67162.19,"fairPrice":67127.1},{"t":1770992059061,"lastPrice":67127.2,"bid1":67127.1,"ask1":67127.2,"holdVol":522506534,"fundingRate":-4e-06,"indexPrice":67157.2,"fairPrice":67126.2}],"fundingRateNow":-4e-06,"fundingRateHistory":{"pageSize":24,"totalCount":1620,"totalPage":68,"currentPage":1,"resultList":[{"symbol":"BTC_USDT","fundingRate":6e-06,"settleTime":1770969600000,"collectCycle":8},{"symbol":"BTC_USDT","fundingRate":5.8e-05,"settleTime":1770940800000,"collectCycle":8},{"symbol":"BTC_USDT","fundingRate":-1.7e-05,"settleTime":1770912000000,"collectCycle":8},{"symbol":"BTC_USDT","fundingRate":3.3e-05,"settleTime":1770883200000,"collectCycle":8},{"symbol":"BTC_USDT","fundingRate":-1.3e-05,"settleTime":1770854400000,"collectCycle":8},{"symbol":"BTC_USDT","fundingRate":-1.2e-05,"settleTime":1770825600000,"collectCycle":8},{"symbol":"BTC_USDT","fundingRate":-8.3e-05,"settleTime":1770796800000,"collectCycle":8},{"symbol":"BTC_USDT","fundingRate":1.3e-05,"settleTime":1770768000000,"collectCycle":8},{"symbol":"BTC_USDT","fundingRate":-8.8e-05,"settleTime":1770739200000,"collectCycle":8},{"symbol":"BTC_USDT","fundingRate":-4.7e-05,"settleTime":1770710400000,"collectCycle":8},{"symbol":"BTC_USDT","fundingRate":-9e-05,"settleTime":1770681600000,"collectCycle":8},{"symbol":"BTC_USDT","fundingRate":-4.2e-05,"settleTime":1770652800000,"collectCycle":8},{"symbol":"BTC_USDT","fundingRate":1.7e-05,"settleTime":1770624000000,"collectCycle":8},{"symbol":"BTC_USDT","fundingRate":-2.9e-05,"settleTime":1770595200000,"collectCycle":8},{"symbol":"BTC_USDT","fundingRate":-4.9e-05,"settleTime":1770566400000,"collectCycle":8},{"symbol":"BTC_USDT","fundingRate":-3.5e-05,"settleTime":1770537600000,"collectCycle":8},{"symbol":"BTC_USDT","fundingRate":-3.4e-05,"settleTime":1770508800000,"collectCycle":8},{"symbol":"BTC_USDT","fundingRate":-3e-05,"settleTime":1770480000000,"collectCycle":8},{"symbol":"BTC_USDT","fundingRate":-8.2e-05,"settleTime":1770451200000,"collectCycle":8},{"symbol":"BTC_USDT","fundingRate":-0.000152,"settleTime":1770422400000,"collectCycle":8},{"symbol":"BTC_USDT","fundingRate":-0.000133,"settleTime":1770393600000,"collectCycle":8},{"symbol":"BTC_USDT","fundingRate":-0.000136,"settleTime":1770364800000,"collectCycle":8},{"symbol":"BTC_USDT","fundingRate":-1.3e-05,"settleTime":1770336000000,"collectCycle":8},{"symbol":"BTC_USDT","fundingRate":-4.9e-05,"settleTime":1770307200000,"collectCycle":8}]}},"orderbook":{"asks":[[67200.1,4287,1],[67200.2,3583,1],[67200.3,3676,1],[67200.4,3662,1],[67200.5,102784,2],[67200.6,4578,1],[67200.7,3713,1],[67200.8,3583,1],[67200.9,4193,1],[67201,3606,1],[67201.1,3879,1],[67201.2,3812,1],[67201.3,4322,1],[67201.4,9838,1],[67201.5,4188,1],[67201.6,4484,1],[67201.7,4199,1],[67201.8,4133,1],[67201.9,4056,1],[67202,3595,1]],"bids":[[67200,5,1],[67199.8,2518,1],[67199.6,13020,2],[67199.5,8379,2],[67199.4,8596,2],[67199.3,4532,1],[67199.2,4525,1],[67199.1,3868,1],[67199,4568,1],[67198.9,3919,1],[67198.8,3642,1],[67198.7,102754,2],[67198.3,3606,1],[67198.2,3879,1],[67198.1,3812,1],[67198,4322,1],[67197.9,4495,1],[67197.8,4510,1],[67197.7,4142,1],[67197.6,3703,1]],"version":32453701435,"timestamp":1770991996595},"orderbookHistory":{"depthCommits":[{"asks":[],"bids":[[67200,1664,4]],"version":32453701837},{"asks":[],"bids":[[67199.9,0,0]],"version":32453701836},{"asks":[],"bids":[[67200,8574,5]],"version":32453701835},{"asks":[],"bids":[[67200,9807,6]],"version":32453701834},{"asks":[[67203.4,4516,1]],"bids":[],"version":32453701833},{"asks":[],"bids":[[66966.3,2,1]],"version":32453701832},{"asks":[],"bids":[[66852.4,0,0]],"version":32453701831},{"asks":[],"bids":[[66920.7,0,0]],"version":32453701830},{"asks":[],"bids":[[67046.1,0,0]],"version":32453701829},{"asks":[],"bids":[[66829.6,0,0]],"version":32453701828},{"asks":[],"bids":[[66750,11573,28]],"version":32453701827},{"asks":[],"bids":[[67034.7,0,0]],"version":32453701826},{"asks":[],"bids":[[66863.8,0,0]],"version":32453701825},{"asks":[],"bids":[[66841,0,0]],"version":32453701824},{"asks":[],"bids":[[66954.9,0,0]],"version":32453701823},{"asks":[],"bids":[[67011.9,0,0]],"version":32453701822},{"asks":[],"bids":[[66806.9,0,0]],"version":32453701821},{"asks":[],"bids":[[67057.5,0,0]],"version":32453701820},{"asks":[],"bids":[[66909.3,0,0]],"version":32453701819},{"asks":[],"bids":[[66739.1,0,0]],"version":32453701818},{"asks":[],"bids":[[66989.1,47602,1]],"version":32453701817},{"asks":[],"bids":[[66818.3,0,0]],"version":32453701816},{"asks":[],"bids":[[67000.5,0,0]],"version":32453701815},{"asks":[],"bids":[[67068.9,0,0]],"version":32453701814},{"asks":[],"bids":[[66897.9,0,0]],"version":32453701813},{"asks":[],"bids":[[66943.5,0,0]],"version":32453701812},{"asks":[],"bids":[[66772.8,13,1]],"version":32453701811},{"asks":[],"bids":[[66875.1,1,1]],"version":32453701810},{"asks":[],"bids":[[66784.1,0,0]],"version":32453701809},{"asks":[],"bids":[[67023.3,0,0]],"version":32453701808},{"asks":[],"bids":[[66886.5,0,0]],"version":32453701807},{"asks":[],"bids":[[66977.7,0,0]],"version":32453701806},{"asks":[],"bids":[[66761.4,0,0]],"version":32453701805},{"asks":[],"bids":[[66795.5,0,0]],"version":32453701804},{"asks":[],"bids":[[66932.1,1,1]],"version":32453701803},{"asks":[[67205.7,4949,1]],"bids":[],"version":32453701802},{"asks":[[67253,9672,2]],"bids":[],"version":32453701801},{"asks":[[67206.5,7276,2]],"bids":[],"version":32453701800},{"asks":[[67247.7,0,0]],"bids":[],"version":32453701799},{"asks":[],"bids":[[66741.5,985724,1]],"version":32453701798},{"asks":[],"bids":[[66752.9,991808,1]],"version":32453701797},{"asks":[],"bids":[[66764.3,1119845,1]],"version":32453701796},{"asks":[],"bids":[[66775.6,1013357,1]],"version":32453701795},{"asks":[],"bids":[[66787,1122758,1]],"version":32453701794},{"asks":[],"bids":[[66798.4,1058417,1]],"version":32453701793},{"asks":[],"bids":[[66809.8,1091153,1]],"version":32453701792},{"asks":[],"bids":[[66821.1,969535,1]],"version":32453701791},{"asks":[],"bids":[[66832.5,1072854,1]],"version":32453701790},{"asks":[],"bids":[[66843.9,1027584,1]],"version":32453701789},{"asks":[],"bids":[[66855.3,968384,1]],"version":32453701788},{"asks":[],"bids":[[66866.6,1038886,1]],"version":32453701787},{"asks":[],"bids":[[66878,1134854,2]],"version":32453701786},{"asks":[],"bids":[[66889.4,1123624,1]],"version":32453701785},{"asks":[],"bids":[[66900.8,1066527,1]],"version":32453701784},{"asks":[],"bids":[[66912.2,1061504,1]],"version":32453701783},{"asks":[],"bids":[[66923.6,1061504,1]],"version":32453701782},{"asks":[],"bids":[[66935,1061507,2]],"version":32453701781},{"asks":[],"bids":[[66946.4,1061510,2]],"version":32453701780},{"asks":[],"bids":[[66957.8,1061504,1]],"version":32453701779},{"asks":[],"bids":[[66969.2,1061504,1]],"version":32453701778}],"polled":{"seconds":60,"stepSec":2.0,"levels":20,"snapshots":[{"timestamp":1770992061000,"version":32453744540,"bids":[[67139.8,15157,7],[67139.6,16268,3],[67139.4,4893,1],[67138.7,1488,1],[67138.6,4064,1],[67138.4,4908,1],[67138.2,4848,1],[67138,4298,1],[67137.8,4597,1],[67137.6,4505,1],[67137.5,28,1],[67136.7,1488,1],[67136.6,26403,2],[67136.4,4930,1],[67136,2429,1],[67135.9,2635,1],[67135.8,2638,1],[67135.7,2351,1],[67135.6,11418,3],[67135.5,7384,2]],"asks":[[67139.9,1810,1],[67140,5,1],[67142.8,10863,1],[67142.9,4199,1],[67143,7224,3],[67143.2,4250,1],[67143.3,4264,1],[67143.4,4198,1],[67143.5,4116,1],[67143.6,103086,2],[67143.7,4589,1],[67143.8,3649,1],[67143.9,4162,1],[67144,3456,2],[67144.1,4119,1],[67144.2,4492,1],[67144.3,4421,1],[67144.4,4187,1],[67144.5,3778,1],[67144.6,3579,1]]},{"timestamp":1770992063240,"version":32453745835,"bids":[[67149.9,8424,4],[67149.5,4214,1],[67149.4,4323,1],[67149.3,4254,1],[67149.2,3526,1],[67149.1,3418,1],[67149,102973,2],[67148.9,3733,1],[67148.8,4306,1],[67148.7,4214,1],[67148.6,3637,1],[67148.5,3563,1],[67148.4,4257,1],[67148.3,3967,1],[67148.2,4119,1],[67148.1,4361,1],[67148,3751,1],[67147.9,4372,1],[67147.8,4203,1],[67147.7,4609,1]],"asks":[[67150,10895,1],[67150.1,4023,1],[67150.2,3698,1],[67150.3,5502,2],[67150.4,4214,1],[67150.5,4323,1],[67150.6,4254,1],[67150.7,3526,1],[67150.8,102506,2],[67150.9,3885,1],[67151,3733,1],[67151.1,4306,1],[67151.2,4214,1],[67151.3,3637,1],[67151.4,3563,1],[67151.5,4257,1],[67151.6,3967,1],[67151.7,5607,2],[67151.8,4361,1],[67151.9,3751,1]]},{"timestamp":1770992065185,"version":32453747315,"bids":[[67152,4185,1],[67151.9,103098,2],[67151.8,4306,1],[67151.7,4382,1],[67151.6,3568,1],[67151.5,3873,1],[67151.4,3507,1],[67151.3,4372,1],[67151.2,3649,1],[67151.1,4001,1],[67151,4114,1],[67150.9,3493,1],[67150.8,4079,1],[67150.7,3588,1],[67150.6,3923,1],[67150.5,3686,1],[67150.4,3622,1],[67150.3,3762,1],[67150.2,3511,1],[67150.1,7829,2]],"asks":[[67152.1,16442,7],[67152.2,1488,1],[67152.8,6119,1],[67152.9,9861,1],[67153,4191,1],[67153.1,3784,1],[67153.2,3728,1],[67153.3,3660,1],[67153.4,4403,1],[67153.5,3935,1],[67153.6,5542,2],[67153.7,103269,2],[67153.8,4014,1],[67153.9,4306,1],[67154,4382,1],[67154.1,3568,1],[67154.2,3873,1],[67154.3,3507,1],[67154.4,4372,1],[67154.5,3649,1]]},{"timestamp":1770992067841,"version":32453749455,"bids":[[67160.5,14401,4],[67159.9,10298,2],[67159.8,3971,1],[67159.7,3885,1],[67159.6,103141,2],[67159.5,3816,1],[67159.4,4115,1],[67159.3,4519,1],[67158.9,3899,1],[67158.8,3692,1],[67158.7,3799,1],[67158.6,4999,2],[67158.5,4559,1],[67158.4,3951,1],[67158.3,3824,1],[67158.2,4422,1],[67158.1,4606,1],[67158,4573,1],[67157.9,4179,1],[67157.8,9371,2]],"asks":[[67160.6,14777,2],[67160.7,8730,2],[67160.8,8516,2],[67160.9,4218,1],[67161,3978,1],[67161.1,4611,1],[67161.2,3621,1],[67161.3,4400,1],[67161.4,102906,2],[67161.5,3424,2],[67161.6,3895,1],[67161.7,4002,1],[67161.8,4053,1],[67161.9,3614,1],[67162.3,4008,1],[67162.4,4311,1],[67162.5,3433,1],[67162.6,4585,1],[67162.7,3702,1],[67162.8,4277,1]]},{"timestamp":1770992069622,"version":32453749855,"bids":[[67160.5,10239,1],[67160.4,3812,1],[67160.3,4409,1],[67160.2,3676,1],[67160.1,3529,1],[67160,4207,2],[67159.9,4176,1],[67159.8,3719,1],[67159.7,3444,1],[67159.6,103074,2],[67159.5,4496,1],[67159.4,3438,1],[67159.3,4068,1],[67159.2,3655,1],[67159.1,4603,1],[67159,3651,1],[67158.9,3420,1],[67158.8,4186,1],[67158.7,4027,1],[67158.6,3881,1]],"asks":[[67160.6,21471,4],[67160.7,9922,2],[67160.8,4409,1],[67160.9,3676,1],[67161,3529,1],[67161.1,4206,1],[67161.2,4176,1],[67161.3,3719,1],[67161.4,102516,2],[67161.5,5496,3],[67161.6,4496,1],[67161.7,3438,1],[67161.8,4068,1],[67161.9,3655,1],[67162,4603,1],[67162.1,3651,1],[67162.2,3420,1],[67162.3,4186,1],[67162.4,4027,1],[67162.5,3881,1]]},{"timestamp":1770992072092,"version":32453751040,"bids":[[67154.4,10638,1],[67154.3,8513,2],[67154.2,8092,2],[67154.1,4539,1],[67154,3793,1],[67153.9,4484,1],[67153.8,4411,1],[67153.7,4473,1],[67153.6,3764,1],[67153.5,102954,2],[67153.4,3814,1],[67153.3,4588,1],[67153.2,4019,1],[67153.1,4471,1],[67153,4388,2],[67152.9,4497,1],[67152.8,3750,1],[67152.7,4267,1],[67152.6,4414,1],[67152.5,4027,1]],"asks":[[67154.5,5509,6],[67155.3,1488,1],[67156.7,1488,1],[67158,7099,1],[67158.1,1488,1],[67160.1,18332,5],[67160.2,4740,1],[67160.3,4836,1],[67160.4,26093,2],[67160.5,3930,1],[67160.6,3721,1],[67160.7,4447,1],[67160.8,4471,1],[67160.9,3827,1],[67161,4718,1],[67161.1,2827,1],[67161.2,2993,1],[67161.3,2483,1],[67161.4,4348,1],[67161.5,6172,3]]},{"timestamp":1770992074222,"version":32453751520,"bids":[[67153.5,10361,1],[67153.4,4610,1],[67153.3,4420,1],[67153.2,3520,1],[67153.1,4282,1],[67153,4519,2],[67152.9,4408,1],[67152.8,4064,1],[67152.7,4210,1],[67152.6,103658,2],[67152.5,4489,1],[67152.4,4147,1],[67152.3,3468,1],[67152.2,4504,1],[67152.1,4275,1],[67152,4689,2],[67151.9,4508,1],[67151.8,4374,1],[67151.7,4145,1],[67151.6,3726,1]],"asks":[[67153.6,19132,6],[67153.7,4610,1],[67153.8,4420,1],[67153.9,5008,2],[67154,4282,1],[67154.1,4516,1],[67154.2,4408,1],[67154.3,4064,1],[67154.4,103293,2],[67154.5,4575,1],[67154.6,4489,1],[67154.7,4147,1],[67154.8,3468,1],[67154.9,4504,1],[67155,4275,1],[67155.1,4546,1],[67155.2,4508,1],[67155.3,5862,2],[67155.4,4145,1],[67155.5,3726,1]]},{"timestamp":1770992076636,"version":32453752021,"bids":[[67153.4,8781,1],[67153.3,4413,1],[67153.2,3724,1],[67153.1,4547,1],[67153,4360,2],[67152.9,3865,1],[67152.8,4570,1],[67152.7,4392,1],[67152.6,3526,1],[67152.5,103261,2],[67152.4,3829,1],[67152.3,3780,1],[67152.2,3674,1],[67152.1,4285,1],[67152,4075,2],[67151.9,4575,1],[67151.8,4257,1],[67151.7,3814,1],[67151.6,3603,1],[67151.5,4207,1]],"asks":[[67153.5,24559,8],[67153.6,11706,4],[67153.7,3724,1],[67153.8,4547,1],[67153.9,5845,2],[67154,3865,1],[67154.1,4570,1],[67154.2,4392,1],[67154.3,102609,2],[67154.4,4178,1],[67154.5,3829,1],[67154.6,3780,1],[67154.7,3674,1],[67154.8,4285,1],[67154.9,3932,1],[67155,4575,1],[67155.1,4257,1],[67155.2,3814,1],[67155.3,5091,2],[67155.4,4207,1]]},{"timestamp":1770992078761,"version":32453752635,"bids":[[67153.5,17353,7],[67153.4,16816,2],[67153.3,4138,1],[67153.2,4151,1],[67153.1,3973,1],[67153,4552,2],[67152.9,3681,1],[67152.8,3952,1],[67152.7,4096,1],[67152.6,3699,1],[67152.5,103655,2],[67152.4,4365,1],[67152.3,3953,1],[67152.2,5572,2],[67152.1,3428,1],[67152,4496,1],[67151.9,4563,1],[67151.8,3968,1],[67151.7,4398,1],[67151.6,3674,1]],"asks":[[67153.6,33357,3],[67153.7,4151,1],[67153.8,3973,1],[67153.9,4549,1],[67154,3681,1],[67154.1,3952,1],[67154.2,4096,1],[67154.3,102782,2],[67154.4,4572,1],[67154.5,4365,1],[67154.6,3953,1],[67154.7,4084,1],[67154.8,3428,1],[67154.9,4496,1],[67155,4563,1],[67155.1,3968,1],[67155.2,4398,1],[67155.3,3674,1],[67155.4,4411,1],[67155.5,4484,1]]},{"timestamp":1770992080943,"version":32453753485,"bids":[[67153.4,8953,1],[67153.3,3419,1],[67153.2,3584,1],[67153.1,3877,1],[67153,4052,2],[67152.9,4496,1],[67152.8,3506,1],[67152.7,3571,1],[67152.6,4511,1],[67152.5,103490,2],[67152.4,4610,1],[67152.3,3632,1],[67152.2,4483,1],[67152.1,3724,1],[67152,4387,1],[67151.9,4504,1],[67151.8,3544,1],[67151.7,3650,1],[67151.6,3685,1],[67151.5,4180,1]],"asks":[[67153.5,10931,5],[67153.6,29841,4],[67153.7,3584,1],[67153.8,3877,1],[67153.9,4049,1],[67154,4496,1],[67154.1,3506,1],[67154.2,3571,1],[67154.3,103594,2],[67154.4,4407,1],[67154.5,4610,1],[67154.6,3632,1],[67154.7,4483,1],[67154.8,3724,1],[67154.9,4387,1],[67155,4504,1],[67155.1,3544,1],[67155.2,3650,1],[67155.3,3685,1],[67155.4,5668,2]]},{"timestamp":1770992083288,"version":32453753935,"bids":[[67153.4,22569,4],[67153.3,10525,2],[67153.2,4263,1],[67153.1,3904,1],[67153,4587,2],[67152.9,4020,1],[67152.8,3489,1],[67152.7,4409,1],[67152.6,3864,1],[67152.5,102904,2],[67152.4,3522,1],[67152.3,4019,1],[67152.2,3520,1],[67152.1,4094,1],[67152,4109,1],[67151.9,3802,1],[67151.8,4426,1],[67151.7,3982,1],[67151.6,5821,2],[67151.5,3996,1]],"asks":[[67153.5,10340,1],[67153.6,30818,3],[67153.7,4263,1],[67153.8,3904,1],[67153.9,4584,1],[67154,4020,1],[67154.1,3489,1],[67154.2,4409,1],[67154.3,102947,2],[67154.4,3821,1],[67154.5,3522,1],[67154.6,4019,1],[67154.7,3520,1],[67154.8,4094,1],[67154.9,4109,1],[67155,3802,1],[67155.1,4426,1],[67155.2,3982,1],[67155.3,4333,1],[67155.4,3996,1]]},{"timestamp":1770992085600,"version":32453758655,"bids":[[67128.9,1218,1],[67128,1,1],[67127.7,2,1],[67127.6,9398,1],[67127.5,3561,1],[67127.4,4323,1],[67127.3,4205,1],[67127.2,3939,1],[67126.8,4227,1],[67126.7,103059,2],[67126.6,3802,1],[67126.5,4230,1],[67126.4,3769,2],[67126.3,4331,1],[67126.2,3457,2],[67126.1,3964,1],[67126,3976,1],[67125.9,3759,1],[67125.8,4095,1],[67125.7,3447,1]],"asks":[[67129,18863,7],[67129.1,10149,2],[67129.2,3848,1],[67129.3,4511,1],[67129.4,4220,1],[67129.5,4084,1],[67129.6,3865,1],[67129.7,5746,2],[67129.8,4258,1],[67129.9,3838,1],[67130,4495,1],[67130.1,4257,1],[67130.2,4267,1],[67130.3,13847,3],[67130.4,12209,3],[67130.5,11639,3],[67130.6,7982,2],[67130.7,4501,1],[67130.8,4452,1],[67130.9,3919,1]]},{"timestamp":1770992087495,"version":32453759087,"bids":[[67127.6,10231,1],[67127.5,4624,1],[67127.4,4293,1],[67127.3,4390,1],[67127.2,3902,1],[67127.1,3983,1],[67127,3538,1],[67126.9,4586,1],[67126.8,4112,1],[67126.7,103397,2],[67126.6,4068,1],[67126.5,3622,1],[67126.4,4642,2],[67126.3,3805,1],[67126.2,4494,2],[67126.1,4406,1],[67126,3787,1],[67125.9,4187,1],[67125.8,4494,1],[67125.7,3522,1]],"asks":[[67127.7,19466,4],[67127.8,10892,2],[67127.9,4293,1],[67128,4390,1],[67128.1,3902,1],[67128.2,3983,1],[67128.3,3538,1],[67128.4,4586,1],[67128.5,103233,2],[67128.6,4276,1],[67128.7,4068,1],[67128.8,3622,1],[67128.9,4417,1],[67129,3805,1],[67129.1,4471,1],[67129.2,4406,1],[67129.3,3787,1],[67129.4,4187,1],[67129.5,4494,1],[67129.6,3522,1]]},{"timestamp":1770992089926,"version":32453759470,"bids":[[67127.6,10759,1],[67127.5,3904,1],[67127.4,4542,1],[67127.3,4208,1],[67127.2,4551,1],[67127.1,3797,1],[67127,4526,1],[67126.9,4495,1],[67126.8,3885,1],[67126.7,103489,2],[67126.6,3612,1],[67126.5,3542,1],[67126.4,3985,2],[67126.3,4562,1],[67126.2,4058,2],[67126.1,3842,1],[67126,4452,1],[67125.9,4479,1],[67125.8,4176,1],[67125.7,4501,1]],"asks":[[67127.7,14473,6],[67127.8,5392,2],[67127.9,4542,1],[67128,4208,1],[67128.1,4551,1],[67128.2,3797,1],[67128.3,4526,1],[67128.4,4495,1],[67128.5,103006,2],[67128.6,4368,1],[67128.7,3612,1],[67128.8,3542,1],[67128.9,3760,1],[67129,4562,1],[67129.1,4035,1],[67129.2,5330,2],[67129.3,4452,1],[67129.4,4479,1],[67129.5,4176,1],[67129.6,4501,1]]},{"timestamp":1770992092239,"version":32453761325,"bids":[[67125,29124,1],[67122,13444,2],[67121.9,7660,2],[67121.8,7742,2],[67121.7,4091,1],[67121.6,4116,1],[67121.5,4481,1],[67121.4,3959,1],[67121.1,103620,2],[67121,4286,1],[67120.9,3998,1],[67120.8,3662,1],[67120.7,4596,1],[67120.6,3471,1],[67120.5,5106,2],[67120.4,3652,1],[67120.3,4177,1],[67120.2,3534,1],[67120.1,4556,1],[67120,5,1]],"asks":[[67125.1,14511,6],[67125.2,4896,1],[67125.3,3741,1],[67125.4,3998,1],[67125.8,4546,1],[67125.9,4838,1],[67126,4985,1],[67126.1,4755,1],[67126.2,4068,1],[67126.3,4631,1],[67126.4,4449,1],[67126.5,4485,1],[67126.6,4351,1],[67126.7,4397,1],[67126.9,1488,1],[67127.1,3843,1],[67127.2,4749,1],[67127.3,3768,1],[67127.4,3743,1],[67127.5,4627,1]]},{"timestamp":1770992094507,"version":32453762732,"bids":[[67127.5,20760,8],[67127.4,4600,1],[67127.3,4144,1],[67127.2,4010,1],[67127.1,16660,3],[67126.7,99121,1],[67126,1488,1],[67125.3,3902,1],[67125,13859,2],[67124.9,4928,1],[67124.7,8240,2],[67124.6,4121,1],[67124.5,7818,2],[67124.4,5463,2],[67124.3,4044,1],[67124.2,3542,1],[67124.1,4034,1],[67124,3844,1],[67123.9,3920,1],[67123.8,3884,1]],"asks":[[67127.6,12250,2],[67127.7,14397,2],[67127.8,8362,2],[67127.9,4600,1],[67128.1,3918,1],[67128.3,3999,1],[67128.4,3632,1],[67128.5,103675,2],[67128.6,4534,1],[67128.7,4301,1],[67128.8,4453,1],[67128.9,3811,1],[67129,4331,1],[67129.1,4096,1],[67129.2,3915,1],[67129.3,4341,1],[67129.4,3917,1],[67129.5,4577,1],[67129.6,4104,1],[67129.7,4575,1]]},{"timestamp":1770992096723,"version":32453764240,"bids":[[67127.5,3650,2],[67127.4,3552,1],[67127.3,4025,1],[67127.2,3518,1],[67127.1,4275,1],[67127,3783,1],[67126.9,99121,1],[67126.6,4237,1],[67126.5,3743,1],[67126.4,4307,1],[67126.3,4192,1],[67126.2,4608,1],[67126.1,3561,1],[67126,4245,1],[67125.9,4164,1],[67125.8,4453,1],[67125.7,4372,1],[67125.6,4460,1],[67125.5,3920,1],[67125.4,4243,1]],"asks":[[67127.6,17582,3],[67127.9,11365,1],[67128,4006,1],[67128.1,4041,1],[67128.2,3715,1],[67128.3,4208,1],[67128.4,3930,1],[67128.5,4164,1],[67128.6,4621,1],[67128.7,103250,2],[67128.8,5734,2],[67128.9,4489,1],[67129,4359,1],[67129.1,4237,1],[67129.2,3743,1],[67129.3,4307,1],[67129.4,4192,1],[67129.5,4608,1],[67129.6,3561,1],[67130,3463,1]]},{"timestamp":1770992098761,"version":32453764620,"bids":[[67127.5,4243,1],[67127.4,4325,1],[67127.3,3661,1],[67127.2,3673,1],[67127.1,4095,1],[67127,3792,1],[67126.9,102884,2],[67126.8,3537,1],[67126.7,3913,1],[67126.6,3784,1],[67126.5,4494,1],[67126.4,3791,1],[67126.3,3817,1],[67126.2,3662,1],[67126.1,4049,1],[67126,3470,1],[67125.9,4452,1],[67125.8,4266,1],[67125.7,3796,1],[67125.6,3548,1]],"asks":[[67127.6,19351,6],[67127.8,6268,1],[67127.9,9581,1],[67128,3889,1],[67128.1,3929,1],[67128.2,4253,1],[67128.3,4325,1],[67128.4,3661,1],[67128.5,3673,1],[67128.6,4095,1],[67128.7,102913,2],[67128.8,5251,2],[67128.9,3537,1],[67129,3913,1],[67129.1,3784,1],[67129.2,4494,1],[67129.3,3791,1],[67129.4,3817,1],[67129.5,3662,1],[67129.6,4049,1]]},{"timestamp":1770992101231,"version":32453765220,"bids":[[67127.5,20902,8],[67127.4,4228,1],[67127.3,3802,1],[67127.2,3623,1],[67127.1,4227,1],[67127,3733,1],[67126.9,102678,2],[67126.8,3653,1],[67126.7,3501,1],[67126.6,4536,1],[67126.5,4164,1],[67126.4,3568,1],[67126.3,3767,1],[67126.2,4608,1],[67126.1,4215,1],[67126,4571,1],[67125.9,4012,1],[67125.8,4325,1],[67125.7,3842,1],[67125.6,3983,1]],"asks":[[67127.6,4969,3],[67127.9,10061,1],[67128,3974,1],[67128.1,4506,1],[67128.2,3938,1],[67128.3,4228,1],[67128.4,13836,2],[67128.5,7070,2],[67128.6,7981,2],[67128.7,102854,2],[67128.8,3557,1],[67128.9,3653,1],[67129,3501,1],[67129.1,4536,1],[67129.2,103284,2],[67129.3,3568,1],[67129.4,3767,1],[67129.5,6096,2],[67129.6,4215,1],[67129.7,4571,1]]},{"timestamp":1770992103309,"version":32453768140,"bids":[[67144.5,13477,3],[67144.4,16951,3],[67144.3,4540,1],[67144.2,3768,1],[67144.1,3824,1],[67144,5648,2],[67143.9,14768,3],[67143.8,11123,3],[67143.7,3894,1],[67143.6,102992,2],[67143.5,4378,1],[67143.4,4292,1],[67143.3,3633,1],[67143.2,4183,1],[67143.1,3604,1],[67143,4043,1],[67142.9,3831,1],[67142.8,3611,1],[67142.7,4021,1],[67142.6,4240,1]],"asks":[[67144.6,11012,1],[67144.7,4471,1],[67144.8,4540,1],[67144.9,3768,1],[67145,3824,1],[67145.1,4415,1],[67145.2,3909,1],[67145.3,3551,1],[67145.4,102990,2],[67145.5,3896,1],[67145.6,4378,1],[67145.7,4292,1],[67145.8,3633,1],[67145.9,4183,1],[67146,3604,1],[67146.1,4043,1],[67146.2,3831,1],[67146.3,3611,1],[67146.4,4021,1],[67146.5,4240,1]]},{"timestamp":1770992105524,"version":32453769684,"bids":[[67147.4,8903,1],[67147.3,3668,1],[67147.2,3859,1],[67147.1,4085,1],[67147,3695,1],[67146.9,3501,1],[67146.8,3983,1],[67146.7,4560,1],[67146.6,4237,1],[67146.5,103596,2],[67146.4,3602,1],[67146.3,4155,1],[67146.2,3732,1],[67146.1,3577,1],[67146,4252,1],[67145.9,4182,1],[67145.8,4238,1],[67145.7,4516,1],[67145.6,3750,1],[67145.5,3586,1]],"asks":[[67147.5,26369,8],[67147.6,10013,2],[67147.7,3859,1],[67147.8,4085,1],[67147.9,3695,1],[67148,3501,1],[67148.1,3983,1],[67148.2,4560,1],[67148.3,103328,2],[67148.4,4504,1],[67148.5,3602,1],[67148.6,4155,1],[67148.7,3732,1],[67148.8,3577,1],[67148.9,5740,2],[67149,4182,1],[67149.1,4238,1],[67149.2,4516,1],[67149.3,3750,1],[67149.4,3586,1]]},{"timestamp":1770992107650,"version":32453770665,"bids":[[67143.4,4187,1],[67143.3,4614,1],[67143.2,3597,1],[67143.1,4021,1],[67143,3707,1],[67142.9,4391,1],[67142.8,4398,1],[67142.7,4319,1],[67142.6,4067,1],[67142.5,103618,2],[67142.4,3755,1],[67142.3,3718,1],[67142.2,4231,1],[67142.1,3598,1],[67142,4297,1],[67141.9,3886,1],[67141.8,4573,1],[67141.7,3827,1],[67141.6,4135,1],[67141.5,3666,1]],"asks":[[67143.5,16932,7],[67143.8,16971,3],[67143.9,3967,1],[67144,1488,1],[67144.3,103703,2],[67144.4,3448,1],[67144.5,4276,1],[67144.6,4203,1],[67144.7,4060,1],[67144.8,4021,1],[67144.9,3707,1],[67145,4391,1],[67145.1,4398,1],[67145.2,4319,1],[67145.3,4067,1],[67145.4,4520,1],[67145.5,3755,1],[67145.6,3718,1],[67145.7,4231,1],[67145.8,3598,1]]},{"timestamp":1770992110005,"version":32453772695,"bids":[[67146.6,7879,3],[67146,7878,2],[67145.6,1488,1],[67144.2,1488,1],[67144,2877,3],[67143.9,4353,1],[67143.7,4891,1],[67143.5,3976,1],[67143.4,30,2],[67143.3,4947,1],[67143.1,4613,1],[67142.9,3908,1],[67142.7,5670,2],[67142.5,8510,2],[67142.4,4040,1],[67142.3,9030,2],[67142.2,3682,1],[67142.1,8427,2],[67141.9,4516,1],[67141.7,4775,1]],"asks":[[67146.7,12975,2],[67146.8,8764,2],[67146.9,7684,2],[67147,3480,1],[67147.1,3898,1],[67147.2,3922,1],[67147.3,4223,1],[67147.5,103311,2],[67147.6,4413,1],[67147.7,3819,1],[67147.8,3668,1],[67147.9,4191,1],[67148,3761,1],[67148.1,3974,1],[67148.2,3800,1],[67148.3,3580,1],[67148.4,4174,1],[67148.5,3918,1],[67148.6,4601,1],[67148.7,4180,1]]},{"timestamp":1770992112107,"version":32453774335,"bids":[[67140.1,19870,1],[67138.3,9554,1],[67138.2,4071,1],[67138.1,7749,2],[67138,4181,1],[67137.9,4266,1],[67137.8,4110,1],[67137.7,3707,1],[67137.6,4124,1],[67137.5,3787,1],[67137.4,103603,2],[67137.3,4560,1],[67137.2,3758,1],[67137.1,4471,1],[67137,4113,1],[67136.9,3634,1],[67136.8,4182,1],[67136.7,4414,1],[67136.6,4581,1],[67136.5,3925,1]],"asks":[[67140.2,20827,8],[67140.3,10416,2],[67140.4,3787,1],[67140.5,4498,1],[67140.6,4560,1],[67140.7,3758,1],[67140.8,4471,1],[67140.9,4113,1],[67141,8432,2],[67141.1,10610,3],[67141.2,4628,1],[67141.3,4758,1],[67141.4,4938,1],[67141.5,3899,1],[67141.6,3698,1],[67141.7,3926,1],[67141.8,8593,2],[67141.9,8601,2],[67142,4123,1],[67142.1,3729,1]]},{"timestamp":1770992114462,"version":32453775540,"bids":[[67142.1,23153,8],[67142,3598,1],[67141.9,3603,1],[67141.8,3590,1],[67141.7,3696,1],[67141.6,4617,1],[67141.5,4054,1],[67141.4,9900,2],[67141.3,3784,1],[67141.2,102649,2],[67141.1,4455,1],[67141,4057,1],[67140.9,4544,1],[67140.8,5497,2],[67140.7,4394,1],[67140.6,3513,1],[67140.5,3940,1],[67140.4,3889,1],[67140.3,3451,1],[67140.2,3992,1]],"asks":[[67142.2,11356,1],[67142.3,3598,1],[67142.4,3603,1],[67142.5,3590,1],[67142.6,3696,1],[67142.7,4617,1],[67142.8,4054,1],[67142.9,3559,1],[67143,102884,2],[67143.1,3549,1],[67143.2,4455,1],[67143.3,4057,1],[67143.4,4544,1],[67143.5,4009,1],[67143.6,4394,1],[67143.7,3513,1],[67143.8,3940,1],[67143.9,3889,1],[67144,3451,1],[67144.1,3992,1]]},{"timestamp":1770992116557,"version":32453776610,"bids":[[67144.9,21484,7],[67144.8,16645,3],[67144.7,3885,1],[67144.6,4055,1],[67144.5,4094,1],[67144.4,3723,1],[67144,4274,1],[67143.9,3534,1],[67143.3,1488,1],[67142.3,30,2],[67141.3,1488,1],[67140.7,2821,1],[67140.6,2545,1],[67140.5,2515,1],[67140.4,2303,1],[67140.3,2557,1],[67140.2,3050,1],[67140.1,16154,2],[67140,5044,2],[67139.9,4034,2]],"asks":[[67145,9169,2],[67145.1,8377,2],[67145.2,7933,2],[67145.6,4590,1],[67145.7,4634,1],[67145.8,4277,1],[67145.9,4325,1],[67146,3901,1],[67146.1,4122,1],[67146.2,4748,1],[67146.3,4158,1],[67146.4,4712,1],[67146.5,3814,1],[67146.6,4157,1],[67146.7,4527,1],[67146.8,4262,1],[67146.9,4764,1],[67147,4306,1],[67147.1,3817,1],[67147.2,4493,1]]},{"timestamp":1770992119019,"version":32453779580,"bids":[[67151.6,20881,4],[67151.5,14143,3],[67151.4,8782,2],[67151.1,4564,1],[67151,3945,1],[67150.9,3792,1],[67150.8,4275,1],[67150.7,102567,2],[67150.6,4398,1],[67150.5,4540,1],[67150.4,3738,1],[67150.3,3817,1],[67150.2,4439,1],[67150.1,4061,1],[67150,4124,1],[67149.9,3908,1],[67149.8,3848,1],[67149.7,3494,1],[67149.6,3753,1],[67149.4,4580,1]],"asks":[[67151.7,10068,1],[67151.8,3423,1],[67151.9,4264,1],[67152,3623,1],[67152.1,3780,1],[67152.2,3809,1],[67152.3,3727,1],[67152.4,3711,1],[67152.5,99086,1],[67153.4,4471,1],[67153.5,3580,1],[67153.6,4816,2],[67153.7,4283,1],[67153.8,4441,1],[67153.9,4282,1],[67154,4564,1],[67154.1,3945,1],[67154.3,4519,1],[67154.4,3875,1],[67154.5,8312,2]]}]}},"trades":[{"p":67203.9,"v":6,"T":2,"O":3,"M":2,"t":1770991996392,"i":"13370406004"},{"p":67206.5,"v":7,"T":1,"O":3,"M":1,"t":1770991996077,"i":"13370405927"},{"p":67204,"v":556,"T":2,"O":1,"M":2,"t":1770991995447,"i":"13370405851"},{"p":67204.1,"v":13,"T":1,"O":1,"M":2,"t":1770991995188,"i":"13370405817"},{"p":67204,"v":15,"T":2,"O":3,"M":1,"t":1770991995076,"i":"13370405799"},{"p":67204.1,"v":1000,"T":1,"O":2,"M":2,"t":1770991994809,"i":"13370405758"},{"p":67204,"v":231,"T":2,"O":1,"M":2,"t":1770991994475,"i":"13370405551"},{"p":67204.1,"v":133,"T":1,"O":2,"M":2,"t":1770991994291,"i":"13370405529"},{"p":67204.1,"v":16,"T":1,"O":3,"M":2,"t":1770991994291,"i":"13370405528"},{"p":67204.1,"v":10,"T":1,"O":1,"M":2,"t":1770991994219,"i":"13370405501"},{"p":67204.1,"v":3,"T":1,"O":3,"M":1,"t":1770991994077,"i":"13370405466"},{"p":67204.1,"v":6,"T":1,"O":3,"M":1,"t":1770991994076,"i":"13370405465"},{"p":67204,"v":2,"T":2,"O":3,"M":1,"t":1770991993578,"i":"13370405414"},{"p":67204.1,"v":775,"T":1,"O":1,"M":2,"t":1770991993246,"i":"13370405373"},{"p":67204.1,"v":822,"T":1,"O":1,"M":2,"t":1770991993246,"i":"13370405372"},{"p":67204.1,"v":8315,"T":1,"O":1,"M":2,"t":1770991993246,"i":"13370405371"},{"p":67204.1,"v":431,"T":1,"O":3,"M":2,"t":1770991993240,"i":"13370405370"},{"p":67204.1,"v":5,"T":1,"O":3,"M":1,"t":1770991993077,"i":"13370405330"},{"p":67204,"v":43,"T":2,"O":3,"M":2,"t":1770991992618,"i":"13370405309"},{"p":67204,"v":30,"T":2,"O":1,"M":2,"t":1770991992197,"i":"13370405249"},{"p":67204,"v":49,"T":2,"O":1,"M":2,"t":1770991992182,"i":"13370405244"},{"p":67204.1,"v":11,"T":1,"O":3,"M":1,"t":1770991992077,"i":"13370405224"},{"p":67204,"v":28,"T":2,"O":1,"M":2,"t":1770991991922,"i":"13370405216"},{"p":67208,"v":1,"T":2,"O":3,"M":2,"t":1770991991860,"i":"13370405213"},{"p":67209.6,"v":77,"T":2,"O":3,"M":2,"t":1770991991860,"i":"13370405212"},{"p":67209.7,"v":130,"T":1,"O":3,"M":2,"t":1770991991362,"i":"13370405089"},{"p":67209.7,"v":28,"T":1,"O":1,"M":2,"t":1770991991011,"i":"13370405035"},{"p":67209.6,"v":4,"T":2,"O":2,"M":2,"t":1770991990750,"i":"13370405030"},{"p":67210.7,"v":68,"T":1,"O":3,"M":2,"t":1770991990587,"i":"13370405009"},{"p":67211.4,"v":50,"T":1,"O":1,"M":2,"t":1770991990373,"i":"13370404983"},{"p":67211.7,"v":2970,"T":1,"O":1,"M":2,"t":1770991990234,"i":"13370404963"},{"p":67211.6,"v":822,"T":1,"O":1,"M":2,"t":1770991990234,"i":"13370404962"},{"p":67211.6,"v":822,"T":1,"O":1,"M":2,"t":1770991990234,"i":"13370404961"},{"p":67211.1,"v":3,"T":2,"O":3,"M":1,"t":1770991990076,"i":"13370404921"},{"p":67211.1,"v":3,"T":1,"O":3,"M":1,"t":1770991990076,"i":"13370404920"},{"p":67211.1,"v":2,"T":1,"O":3,"M":1,"t":1770991990076,"i":"13370404919"},{"p":67211.7,"v":348,"T":1,"O":1,"M":2,"t":1770991989748,"i":"13370404896"},{"p":67209.7,"v":585,"T":1,"O":1,"M":2,"t":1770991989131,"i":"13370404724"},{"p":67209.7,"v":3589,"T":1,"O":3,"M":2,"t":1770991989131,"i":"13370404723"},{"p":67209.7,"v":435,"T":1,"O":2,"M":2,"t":1770991989095,"i":"13370404710"},{"p":67209.7,"v":13,"T":2,"O":3,"M":1,"t":1770991989077,"i":"13370404709"},{"p":67209.6,"v":148,"T":2,"O":1,"M":2,"t":1770991988827,"i":"13370404703"},{"p":67209.7,"v":15,"T":1,"O":2,"M":2,"t":1770991988506,"i":"13370404619"},{"p":67209.6,"v":4,"T":2,"O":1,"M":2,"t":1770991988458,"i":"13370404616"},{"p":67209.6,"v":1,"T":2,"O":3,"M":1,"t":1770991988077,"i":"13370404555"},{"p":67209.7,"v":4407,"T":1,"O":3,"M":2,"t":1770991988029,"i":"13370404552"},{"p":67209.7,"v":14,"T":1,"O":2,"M":2,"t":1770991987924,"i":"13370404544"},{"p":67209.6,"v":49,"T":2,"O":1,"M":2,"t":1770991987558,"i":"13370404520"},{"p":67209.6,"v":1548,"T":2,"O":1,"M":2,"t":1770991987482,"i":"13370404512"},{"p":67209.6,"v":29,"T":2,"O":1,"M":2,"t":1770991987148,"i":"13370404451"},{"p":67209.6,"v":1792,"T":2,"O":3,"M":2,"t":1770991987079,"i":"13370404441"},{"p":67209.6,"v":5509,"T":2,"O":3,"M":2,"t":1770991987079,"i":"13370404440"},{"p":67209.7,"v":14,"T":1,"O":3,"M":1,"t":1770991987076,"i":"13370404439"},{"p":67209.6,"v":94,"T":2,"O":1,"M":2,"t":1770991986938,"i":"13370404429"},{"p":67209.6,"v":15,"T":2,"O":3,"M":2,"t":1770991986763,"i":"13370404418"},{"p":67209.6,"v":71,"T":2,"O":1,"M":2,"t":1770991986061,"i":"13370404314"},{"p":67209.7,"v":8,"T":2,"O":3,"M":1,"t":1770991985577,"i":"13370404280"},{"p":67209.7,"v":5,"T":2,"O":3,"M":1,"t":1770991985577,"i":"13370404277"},{"p":67209.7,"v":3,"T":1,"O":3,"M":1,"t":1770991985577,"i":"13370404275"},{"p":67209.6,"v":3,"T":2,"O":3,"M":2,"t":1770991985324,"i":"13370404270"},{"p":67209.6,"v":11,"T":2,"O":3,"M":1,"t":1770991985076,"i":"13370404212"},{"p":67209.7,"v":440,"T":1,"O":3,"M":2,"t":1770991984616,"i":"13370404195"},{"p":67209.6,"v":40,"T":2,"O":3,"M":2,"t":1770991984097,"i":"13370404105"},{"p":67209.7,"v":12,"T":1,"O":3,"M":1,"t":1770991984077,"i":"13370404103"},{"p":67209.6,"v":1487,"T":2,"O":1,"M":2,"t":1770991983805,"i":"13370404077"},{"p":67209.6,"v":13,"T":2,"O":3,"M":1,"t":1770991983575,"i":"13370404045"},{"p":67209.7,"v":217,"T":1,"O":2,"M":2,"t":1770991983519,"i":"13370404031"},{"p":67209.7,"v":24,"T":1,"O":2,"M":2,"t":1770991983368,"i":"13370404026"},{"p":67209.6,"v":35,"T":2,"O":1,"M":2,"t":1770991983203,"i":"13370403989"},{"p":67209.7,"v":13,"T":1,"O":3,"M":2,"t":1770991983095,"i":"13370403937"},{"p":67215.3,"v":5,"T":2,"O":1,"M":2,"t":1770991982538,"i":"13370403882"},{"p":67215.3,"v":3150,"T":2,"O":1,"M":2,"t":1770991982482,"i":"13370403879"},{"p":67215.4,"v":10061,"T":2,"O":1,"M":2,"t":1770991982482,"i":"13370403878"},{"p":67215.4,"v":4242,"T":2,"O":1,"M":2,"t":1770991982482,"i":"13370403877"},{"p":67221,"v":297,"T":1,"O":2,"M":2,"t":1770991982181,"i":"13370403764"},{"p":67220.9,"v":831,"T":2,"O":1,"M":2,"t":1770991982173,"i":"13370403763"},{"p":67220.9,"v":7,"T":2,"O":3,"M":1,"t":1770991982078,"i":"13370403742"},{"p":67221,"v":444,"T":1,"O":2,"M":2,"t":1770991981379,"i":"13370403685"},{"p":67220.9,"v":2,"T":1,"O":3,"M":1,"t":1770991981077,"i":"13370403625"},{"p":67221,"v":493,"T":1,"O":3,"M":2,"t":1770991980658,"i":"13370403596"},{"p":67220.9,"v":68,"T":2,"O":1,"M":2,"t":1770991980410,"i":"13370403542"},{"p":67221,"v":16,"T":1,"O":3,"M":1,"t":1770991980077,"i":"13370403475"},{"p":67220.9,"v":14,"T":2,"O":1,"M":2,"t":1770991979989,"i":"13370403472"},{"p":67220.9,"v":10,"T":2,"O":1,"M":2,"t":1770991979754,"i":"13370403471"},{"p":67220.9,"v":16,"T":2,"O":1,"M":2,"t":1770991979565,"i":"13370403443"},{"p":67220.9,"v":14,"T":2,"O":3,"M":1,"t":1770991979076,"i":"13370403370"},{"p":67221,"v":262,"T":1,"O":2,"M":2,"t":1770991978958,"i":"13370403365"},{"p":67220.9,"v":1859,"T":2,"O":1,"M":2,"t":1770991978912,"i":"13370403364"},{"p":67221,"v":44,"T":1,"O":2,"M":2,"t":1770991978248,"i":"13370403317"},{"p":67220.9,"v":248,"T":2,"O":1,"M":2,"t":1770991978195,"i":"13370403302"},{"p":67220.9,"v":13,"T":1,"O":3,"M":1,"t":1770991978076,"i":"13370403274"},{"p":67221,"v":6,"T":1,"O":3,"M":1,"t":1770991977076,"i":"13370403164"},{"p":67221,"v":7,"T":1,"O":3,"M":1,"t":1770991977076,"i":"13370403163"},{"p":67220.9,"v":47,"T":2,"O":1,"M":2,"t":1770991976330,"i":"13370403123"},{"p":67220.9,"v":67,"T":2,"O":1,"M":2,"t":1770991976111,"i":"13370403062"},{"p":67220.9,"v":4,"T":2,"O":1,"M":2,"t":1770991976041,"i":"13370403049"},{"p":67220.9,"v":1,"T":2,"O":3,"M":1,"t":1770991975576,"i":"13370403021"},{"p":67220.9,"v":1,"T":2,"O":3,"M":1,"t":1770991975576,"i":"13370403018"},{"p":67221,"v":7,"T":1,"O":3,"M":1,"t":1770991975082,"i":"13370402954"},{"p":67220.9,"v":5206,"T":2,"O":1,"M":2,"t":1770991974965,"i":"13370402950"}],"klines":{"1m":[{"ts":"2026-02-13T10:14:00Z","o":66823.9,"h":66875.4,"l":66813.8,"c":66873.3,"v":140526.0},{"ts":"2026-02-13T10:15:00Z","o":66873.3,"h":66914.0,"l":66860.0,"c":66914.0,"v":248275.0},{"ts":"2026-02-13T10:16:00Z","o":66914.0,"h":66934.5,"l":66891.4,"c":66934.5,"v":354690.0},{"ts":"2026-02-13T10:17:00Z","o":66934.5,"h":66934.5,"l":66895.2,"c":66928.7,"v":227037.0},{"ts":"2026-02-13T10:18:00Z","o":66928.7,"h":66991.6,"l":66927.9,"c":66989.4,"v":434754.0},{"ts":"2026-02-13T10:19:00Z","o":66989.4,"h":67064.0,"l":66966.1,"c":66970.2,"v":907209.0},{"ts":"2026-02-13T10:20:00Z","o":66970.2,"h":66970.3,"l":66882.4,"c":66899.8,"v":409983.0},{"ts":"2026-02-13T10:21:00Z","o":66899.8,"h":66899.8,"l":66857.3,"c":66875.5,"v":467725.0},{"ts":"2026-02-13T10:22:00Z","o":66875.5,"h":66877.8,"l":66847.9,"c":66847.9,"v":266173.0},{"ts":"2026-02-13T10:23:00Z","o":66847.9,"h":66849.3,"l":66793.8,"c":66797.4,"v":245224.0},{"ts":"2026-02-13T10:24:00Z","o":66797.4,"h":66802.1,"l":66765.5,"c":66797.0,"v":438835.0},{"ts":"2026-02-13T10:25:00Z","o":66797.0,"h":66828.4,"l":66788.6,"c":66828.1,"v":338075.0},{"ts":"2026-02-13T10:26:00Z","o":66828.1,"h":66849.9,"l":66821.8,"c":66844.3,"v":396742.0},{"ts":"2026-02-13T10:27:00Z","o":66844.3,"h":66854.5,"l":66836.9,"c":66844.6,"v":187076.0},{"ts":"2026-02-13T10:28:00Z","o":66844.6,"h":66871.9,"l":66841.4,"c":66843.4,"v":132386.0},{"ts":"2026-02-13T10:29:00Z","o":66843.4,"h":66888.0,"l":66843.3,"c":66882.0,"v":194973.0},{"ts":"2026-02-13T10:30:00Z","o":66882.0,"h":66914.9,"l":66872.4,"c":66882.0,"v":254839.0},{"ts":"2026-02-13T10:31:00Z","o":66882.0,"h":66900.1,"l":66822.7,"c":66840.9,"v":399187.0},{"ts":"2026-02-13T10:32:00Z","o":66840.9,"h":66850.0,"l":66810.0,"c":66826.8,"v":163690.0},{"ts":"2026-02-13T10:33:00Z","o":66826.8,"h":66910.8,"l":66824.1,"c":66908.1,"v":262199.0},{"ts":"2026-02-13T10:34:00Z","o":66908.1,"h":66988.0,"l":66908.1,"c":66940.4,"v":603146.0},{"ts":"2026-02-13T10:35:00Z","o":66940.4,"h":66967.9,"l":66931.1,"c":66965.1,"v":630306.0},{"ts":"2026-02-13T10:36:00Z","o":66965.1,"h":66965.1,"l":66914.7,"c":66952.5,"v":277217.0},{"ts":"2026-02-13T10:37:00Z","o":66952.5,"h":67006.7,"l":66946.7,"c":66992.4,"v":276743.0},{"ts":"2026-02-13T10:38:00Z","o":66992.4,"h":67016.2,"l":66972.3,"c":66972.3,"v":539717.0},{"ts":"2026-02-13T10:39:00Z","o":66972.3,"h":66985.1,"l":66916.5,"c":66917.2,"v":1043081.0},{"ts":"2026-02-13T10:40:00Z","o":66917.2,"h":66950.9,"l":66907.9,"c":66950.9,"v":290000.0},{"ts":"2026-02-13T10:41:00Z","o":66950.9,"h":67020.1,"l":66950.8,"c":67013.1,"v":395382.0},{"ts":"2026-02-13T10:42:00Z","o":67013.1,"h":67034.4,"l":66991.5,"c":67029.7,"v":421729.0},{"ts":"2026-02-13T10:43:00Z","o":67029.7,"h":67086.5,"l":67013.2,"c":67036.5,"v":770729.0},{"ts":"2026-02-13T10:44:00Z","o":67036.5,"h":67036.5,"l":66973.2,"c":66993.2,"v":445428.0},{"ts":"2026-02-13T10:45:00Z","o":66993.2,"h":67010.0,"l":66954.0,"c":66954.3,"v":454433.0},{"ts":"2026-02-13T10:46:00Z","o":66954.3,"h":67003.8,"l":66933.9,"c":66998.2,"v":338307.0},{"ts":"2026-02-13T10:47:00Z","o":66998.2,"h":67022.0,"l":66970.2,"c":67000.6,"v":197041.0},{"ts":"2026-02-13T10:48:00Z","o":67000.6,"h":67000.6,"l":66940.0,"c":66960.5,"v":302772.0},{"ts":"2026-02-13T10:49:00Z","o":66960.5,"h":67000.1,"l":66960.5,"c":66999.9,"v":160847.0},{"ts":"2026-02-13T10:50:00Z","o":66999.9,"h":66999.9,"l":66946.6,"c":66963.2,"v":216810.0},{"ts":"2026-02-13T10:51:00Z","o":66963.2,"h":67034.5,"l":66963.2,"c":67016.0,"v":303520.0},{"ts":"2026-02-13T10:52:00Z","o":67016.0,"h":67016.0,"l":66947.3,"c":66997.6,"v":177547.0},{"ts":"2026-02-13T10:53:00Z","o":66997.6,"h":67058.4,"l":66997.6,"c":67047.2,"v":346963.0},{"ts":"2026-02-13T10:54:00Z","o":67047.2,"h":67047.2,"l":67000.5,"c":67000.6,"v":173385.0},{"ts":"2026-02-13T10:55:00Z","o":67000.6,"h":67023.0,"l":66992.7,"c":66994.2,"v":159580.0},{"ts":"2026-02-13T10:56:00Z","o":66994.2,"h":67022.6,"l":66975.8,"c":66975.8,"v":212459.0},{"ts":"2026-02-13T10:57:00Z","o":66975.8,"h":67006.5,"l":66960.0,"c":66968.8,"v":171883.0},{"ts":"2026-02-13T10:58:00Z","o":66968.8,"h":66985.0,"l":66937.5,"c":66937.5,"v":235193.0},{"ts":"2026-02-13T10:59:00Z","o":66937.5,"h":66959.7,"l":66937.5,"c":66940.0,"v":212394.0},{"ts":"2026-02-13T11:00:00Z","o":66940.0,"h":66949.4,"l":66907.7,"c":66907.7,"v":272377.0},{"ts":"2026-02-13T11:01:00Z","o":66907.7,"h":66912.8,"l":66819.7,"c":66824.1,"v":736997.0},{"ts":"2026-02-13T11:02:00Z","o":66824.1,"h":66886.4,"l":66824.1,"c":66861.9,"v":406130.0},{"ts":"2026-02-13T11:03:00Z","o":66861.9,"h":66884.0,"l":66828.2,"c":66828.2,"v":221287.0},{"ts":"2026-02-13T11:04:00Z","o":66828.2,"h":66901.2,"l":66819.5,"c":66899.6,"v":366318.0},{"ts":"2026-02-13T11:05:00Z","o":66899.6,"h":66943.9,"l":66899.5,"c":66923.7,"v":357475.0},{"ts":"2026-02-13T11:06:00Z","o":66923.7,"h":66956.0,"l":66923.7,"c":66955.9,"v":292457.0},{"ts":"2026-02-13T11:07:00Z","o":66955.9,"h":66999.9,"l":66950.9,"c":66951.1,"v":224063.0},{"ts":"2026-02-13T11:08:00Z","o":66951.1,"h":66957.6,"l":66857.0,"c":66865.0,"v":344002.0},{"ts":"2026-02-13T11:09:00Z","o":66865.0,"h":66900.0,"l":66865.0,"c":66880.0,"v":176613.0},{"ts":"2026-02-13T11:10:00Z","o":66880.0,"h":66895.3,"l":66835.9,"c":66840.0,"v":247203.0},{"ts":"2026-02-13T11:11:00Z","o":66840.0,"h":66840.0,"l":66810.6,"c":66829.9,"v":418797.0},{"ts":"2026-02-13T11:12:00Z","o":66829.9,"h":66854.3,"l":66809.1,"c":66809.5,"v":209954.0},{"ts":"2026-02-13T11:13:00Z","o":66809.5,"h":66861.1,"l":66809.5,"c":66830.0,"v":237820.0},{"ts":"2026-02-13T11:14:00Z","o":66830.0,"h":66856.0,"l":66827.5,"c":66849.9,"v":138627.0},{"ts":"2026-02-13T11:15:00Z","o":66849.9,"h":66895.2,"l":66845.2,"c":66870.8,"v":327595.0},{"ts":"2026-02-13T11:16:00Z","o":66870.8,"h":66898.3,"l":66870.0,"c":66881.3,"v":255588.0},{"ts":"2026-02-13T11:17:00Z","o":66881.3,"h":66900.0,"l":66849.4,"c":66854.0,"v":244102.0},{"ts":"2026-02-13T11:18:00Z","o":66854.0,"h":66873.7,"l":66827.5,"c":66873.7,"v":189981.0},{"ts":"2026-02-13T11:19:00Z","o":66873.7,"h":66911.5,"l":66873.6,"c":66900.1,"v":247085.0},{"ts":"2026-02-13T11:20:00Z","o":66900.1,"h":66937.8,"l":66893.9,"c":66915.1,"v":307940.0},{"ts":"2026-02-13T11:21:00Z","o":66915.1,"h":66925.6,"l":66883.4,"c":66918.4,"v":90325.0},{"ts":"2026-02-13T11:22:00Z","o":66918.4,"h":66920.1,"l":66849.8,"c":66881.4,"v":347929.0},{"ts":"2026-02-13T11:23:00Z","o":66881.4,"h":66908.9,"l":66881.3,"c":66883.3,"v":118950.0},{"ts":"2026-02-13T11:24:00Z","o":66883.3,"h":66889.7,"l":66849.1,"c":66859.1,"v":310759.0},{"ts":"2026-02-13T11:25:00Z","o":66859.1,"h":66909.7,"l":66856.3,"c":66895.3,"v":114437.0},{"ts":"2026-02-13T11:26:00Z","o":66895.3,"h":66925.5,"l":66884.4,"c":66925.5,"v":113237.0},{"ts":"2026-02-13T11:27:00Z","o":66925.5,"h":66968.5,"l":66914.0,"c":66935.9,"v":260339.0},{"ts":"2026-02-13T11:28:00Z","o":66935.9,"h":66978.3,"l":66923.3,"c":66977.4,"v":485156.0},{"ts":"2026-02-13T11:29:00Z","o":66977.4,"h":66977.4,"l":66926.4,"c":66944.6,"v":238735.0},{"ts":"2026-02-13T11:30:00Z","o":66944.6,"h":66965.6,"l":66902.4,"c":66902.4,"v":210681.0},{"ts":"2026-02-13T11:31:00Z","o":66902.4,"h":66902.4,"l":66782.8,"c":66824.4,"v":671489.0},{"ts":"2026-02-13T11:32:00Z","o":66824.4,"h":66842.8,"l":66760.7,"c":66774.2,"v":522444.0},{"ts":"2026-02-13T11:33:00Z","o":66774.2,"h":66814.2,"l":66749.1,"c":66771.2,"v":713586.0},{"ts":"2026-02-13T11:34:00Z","o":66771.2,"h":66823.8,"l":66768.0,"c":66818.8,"v":259506.0},{"ts":"2026-02-13T11:35:00Z","o":66818.8,"h":66867.3,"l":66791.0,"c":66863.0,"v":258612.0},{"ts":"2026-02-13T11:36:00Z","o":66863.0,"h":66875.4,"l":66835.2,"c":66838.9,"v":161172.0},{"ts":"2026-02-13T11:37:00Z","o":66838.9,"h":66880.0,"l":66834.9,"c":66839.9,"v":107842.0},{"ts":"2026-02-13T11:38:00Z","o":66839.9,"h":66969.6,"l":66839.9,"c":66938.4,"v":395812.0},{"ts":"2026-02-13T11:39:00Z","o":66938.4,"h":66938.4,"l":66883.6,"c":66914.7,"v":188058.0},{"ts":"2026-02-13T11:40:00Z","o":66914.7,"h":66924.0,"l":66898.4,"c":66910.2,"v":120738.0},{"ts":"2026-02-13T11:41:00Z","o":66910.2,"h":66944.0,"l":66898.3,"c":66940.7,"v":132580.0},{"ts":"2026-02-13T11:42:00Z","o":66940.7,"h":66993.5,"l":66940.7,"c":66961.9,"v":492992.0},{"ts":"2026-02-13T11:43:00Z","o":66961.9,"h":66978.4,"l":66944.2,"c":66960.0,"v":157454.0},{"ts":"2026-02-13T11:44:00Z","o":66960.0,"h":66964.3,"l":66916.7,"c":66962.0,"v":194533.0},{"ts":"2026-02-13T11:45:00Z","o":66962.0,"h":66971.7,"l":66931.3,"c":66943.4,"v":144323.0},{"ts":"2026-02-13T11:46:00Z","o":66943.4,"h":67014.7,"l":66930.3,"c":66982.9,"v":403077.0},{"ts":"2026-02-13T11:47:00Z","o":66982.9,"h":67008.0,"l":66966.3,"c":66994.5,"v":395455.0},{"ts":"2026-02-13T11:48:00Z","o":66994.5,"h":67005.3,"l":66956.8,"c":66956.8,"v":237767.0},{"ts":"2026-02-13T11:49:00Z","o":66956.8,"h":66983.9,"l":66934.9,"c":66976.7,"v":301999.0},{"ts":"2026-02-13T11:50:00Z","o":66976.7,"h":66999.2,"l":66971.1,"c":66992.9,"v":121950.0},{"ts":"2026-02-13T11:51:00Z","o":66992.9,"h":67002.5,"l":66970.1,"c":66979.9,"v":106723.0},{"ts":"2026-02-13T11:52:00Z","o":66979.9,"h":67015.0,"l":66968.5,"c":66989.6,"v":178471.0},{"ts":"2026-02-13T11:53:00Z","o":66989.6,"h":67034.2,"l":66984.6,"c":67031.2,"v":190353.0},{"ts":"2026-02-13T11:54:00Z","o":67031.2,"h":67034.1,"l":66992.3,"c":67024.6,"v":188856.0},{"ts":"2026-02-13T11:55:00Z","o":67024.6,"h":67167.7,"l":67004.4,"c":67115.6,"v":1376288.0},{"ts":"2026-02-13T11:56:00Z","o":67115.6,"h":67168.6,"l":67112.9,"c":67160.0,"v":525902.0},{"ts":"2026-02-13T11:57:00Z","o":67160.0,"h":67195.4,"l":67128.0,"c":67138.5,"v":657697.0},{"ts":"2026-02-13T11:58:00Z","o":67138.5,"h":67176.0,"l":67131.3,"c":67160.8,"v":268048.0},{"ts":"2026-02-13T11:59:00Z","o":67160.8,"h":67160.8,"l":67124.1,"c":67137.4,"v":226926.0},{"ts":"2026-02-13T12:00:00Z","o":67137.4,"h":67143.2,"l":67081.9,"c":67128.8,"v":444319.0},{"ts":"2026-02-13T12:01:00Z","o":67128.8,"h":67128.9,"l":67075.4,"c":67087.2,"v":224059.0},{"ts":"2026-02-13T12:02:00Z","o":67087.2,"h":67130.8,"l":67054.9,"c":67081.2,"v":330737.0},{"ts":"2026-02-13T12:03:00Z","o":67081.2,"h":67081.2,"l":66978.4,"c":67004.9,"v":827271.0},{"ts":"2026-02-13T12:04:00Z","o":67004.9,"h":67005.0,"l":66974.6,"c":66987.3,"v":325108.0},{"ts":"2026-02-13T12:05:00Z","o":66987.3,"h":67000.0,"l":66912.0,"c":66941.1,"v":514431.0},{"ts":"2026-02-13T12:06:00Z","o":66941.1,"h":66966.6,"l":66923.9,"c":66950.0,"v":344234.0},{"ts":"2026-02-13T12:07:00Z","o":66950.0,"h":66956.8,"l":66923.8,"c":66948.7,"v":233106.0},{"ts":"2026-02-13T12:08:00Z","o":66948.7,"h":67008.0,"l":66933.9,"c":66979.0,"v":320016.0},{"ts":"2026-02-13T12:09:00Z","o":66979.0,"h":67022.6,"l":66970.2,"c":67004.1,"v":400087.0},{"ts":"2026-02-13T12:10:00Z","o":67004.1,"h":67007.0,"l":66980.9,"c":67006.9,"v":131856.0},{"ts":"2026-02-13T12:11:00Z","o":67006.9,"h":67012.0,"l":66961.0,"c":66961.2,"v":179473.0},{"ts":"2026-02-13T12:12:00Z","o":66961.2,"h":67055.9,"l":66961.2,"c":67043.8,"v":206579.0},{"ts":"2026-02-13T12:13:00Z","o":67043.8,"h":67049.0,"l":66978.3,"c":66990.8,"v":369604.0},{"ts":"2026-02-13T12:14:00Z","o":66990.8,"h":67004.0,"l":66944.7,"c":66951.7,"v":276511.0},{"ts":"2026-02-13T12:15:00Z","o":66951.7,"h":66958.1,"l":66930.0,"c":66930.0,"v":218943.0},{"ts":"2026-02-13T12:16:00Z","o":66930.0,"h":66933.9,"l":66891.6,"c":66891.7,"v":450450.0},{"ts":"2026-02-13T12:17:00Z","o":66891.7,"h":66925.1,"l":66887.0,"c":66915.3,"v":247253.0},{"ts":"2026-02-13T12:18:00Z","o":66915.3,"h":66984.7,"l":66915.3,"c":66984.0,"v":295277.0},{"ts":"2026-02-13T12:19:00Z","o":66984.0,"h":67009.5,"l":66970.4,"c":66973.2,"v":241693.0},{"ts":"2026-02-13T12:20:00Z","o":66973.2,"h":67035.9,"l":66961.2,"c":67018.5,"v":272690.0},{"ts":"2026-02-13T12:21:00Z","o":67018.5,"h":67037.1,"l":67011.1,"c":67037.1,"v":268556.0},{"ts":"2026-02-13T12:22:00Z","o":67037.1,"h":67040.0,"l":66991.7,"c":66996.5,"v":457674.0},{"ts":"2026-02-13T12:23:00Z","o":66996.5,"h":66997.7,"l":66959.9,"c":66995.0,"v":171805.0},{"ts":"2026-02-13T12:24:00Z","o":66995.0,"h":66997.9,"l":66977.5,"c":66977.5,"v":98307.0},{"ts":"2026-02-13T12:25:00Z","o":66977.5,"h":67062.6,"l":66966.0,"c":67059.8,"v":244763.0},{"ts":"2026-02-13T12:26:00Z","o":67059.8,"h":67084.7,"l":67021.8,"c":67022.0,"v":266937.0},{"ts":"2026-02-13T12:27:00Z","o":67022.0,"h":67091.2,"l":67019.0,"c":67071.3,"v":247634.0},{"ts":"2026-02-13T12:28:00Z","o":67071.3,"h":67083.1,"l":67044.7,"c":67061.0,"v":134767.0},{"ts":"2026-02-13T12:29:00Z","o":67061.0,"h":67088.7,"l":67054.3,"c":67060.1,"v":163238.0},{"ts":"2026-02-13T12:30:00Z","o":67060.1,"h":67067.3,"l":67023.7,"c":67024.9,"v":118193.0},{"ts":"2026-02-13T12:31:00Z","o":67024.9,"h":67073.0,"l":67024.9,"c":67071.8,"v":112699.0},{"ts":"2026-02-13T12:32:00Z","o":67071.8,"h":67071.9,"l":67019.0,"c":67045.9,"v":83071.0},{"ts":"2026-02-13T12:33:00Z","o":67045.9,"h":67074.8,"l":67039.5,"c":67039.5,"v":293929.0},{"ts":"2026-02-13T12:34:00Z","o":67039.5,"h":67046.2,"l":67012.2,"c":67023.1,"v":200094.0},{"ts":"2026-02-13T12:35:00Z","o":67023.1,"h":67049.3,"l":67001.3,"c":67046.0,"v":137809.0},{"ts":"2026-02-13T12:36:00Z","o":67046.0,"h":67046.0,"l":67010.6,"c":67036.0,"v":94931.0},{"ts":"2026-02-13T12:37:00Z","o":67036.0,"h":67100.3,"l":67036.0,"c":67091.8,"v":340461.0},{"ts":"2026-02-13T12:38:00Z","o":67091.8,"h":67103.1,"l":67082.5,"c":67096.2,"v":163285.0},{"ts":"2026-02-13T12:39:00Z","o":67096.2,"h":67096.3,"l":67038.6,"c":67041.0,"v":376414.0},{"ts":"2026-02-13T12:40:00Z","o":67041.0,"h":67082.2,"l":67041.0,"c":67058.9,"v":154187.0},{"ts":"2026-02-13T12:41:00Z","o":67058.9,"h":67083.1,"l":67048.0,"c":67076.7,"v":116843.0},{"ts":"2026-02-13T12:42:00Z","o":67076.7,"h":67097.9,"l":67027.0,"c":67046.4,"v":218927.0},{"ts":"2026-02-13T12:43:00Z","o":67046.4,"h":67058.3,"l":67025.2,"c":67055.0,"v":135725.0},{"ts":"2026-02-13T12:44:00Z","o":67055.0,"h":67072.8,"l":67050.3,"c":67057.3,"v":112504.0},{"ts":"2026-02-13T12:45:00Z","o":67057.3,"h":67078.5,"l":67052.7,"c":67068.0,"v":125997.0},{"ts":"2026-02-13T12:46:00Z","o":67068.0,"h":67072.5,"l":67043.3,"c":67052.2,"v":216754.0},{"ts":"2026-02-13T12:47:00Z","o":67052.2,"h":67057.5,"l":67019.4,"c":67026.1,"v":239687.0},{"ts":"2026-02-13T12:48:00Z","o":67026.1,"h":67026.2,"l":66989.4,"c":67000.2,"v":405639.0},{"ts":"2026-02-13T12:49:00Z","o":67000.2,"h":67073.4,"l":66972.1,"c":67073.4,"v":905635.0},{"ts":"2026-02-13T12:50:00Z","o":67073.4,"h":67089.0,"l":67043.2,"c":67043.3,"v":209487.0},{"ts":"2026-02-13T12:51:00Z","o":67043.3,"h":67043.3,"l":67015.4,"c":67024.4,"v":91852.0},{"ts":"2026-02-13T12:52:00Z","o":67024.4,"h":67072.0,"l":67007.3,"c":67071.9,"v":198663.0},{"ts":"2026-02-13T12:53:00Z","o":67071.9,"h":67142.2,"l":67071.7,"c":67142.1,"v":599751.0},{"ts":"2026-02-13T12:54:00Z","o":67142.1,"h":67180.0,"l":67142.1,"c":67179.9,"v":645139.0},{"ts":"2026-02-13T12:55:00Z","o":67179.9,"h":67180.9,"l":67129.6,"c":67152.8,"v":501287.0},{"ts":"2026-02-13T12:56:00Z","o":67152.8,"h":67161.0,"l":67126.6,"c":67126.8,"v":189089.0},{"ts":"2026-02-13T12:57:00Z","o":67126.8,"h":67132.6,"l":67102.8,"c":67130.0,"v":387974.0},{"ts":"2026-02-13T12:58:00Z","o":67130.0,"h":67130.0,"l":67038.3,"c":67057.1,"v":582379.0},{"ts":"2026-02-13T12:59:00Z","o":67057.1,"h":67073.8,"l":67030.0,"c":67050.0,"v":321080.0},{"ts":"2026-02-13T13:00:00Z","o":67050.0,"h":67084.9,"l":67047.9,"c":67080.6,"v":219140.0},{"ts":"2026-02-13T13:01:00Z","o":67080.6,"h":67123.1,"l":67072.0,"c":67080.0,"v":219641.0},{"ts":"2026-02-13T13:02:00Z","o":67080.0,"h":67142.5,"l":67080.0,"c":67118.7,"v":206570.0},{"ts":"2026-02-13T13:03:00Z","o":67118.7,"h":67155.4,"l":67118.7,"c":67146.1,"v":222948.0},{"ts":"2026-02-13T13:04:00Z","o":67146.1,"h":67146.1,"l":67111.4,"c":67111.6,"v":170525.0},{"ts":"2026-02-13T13:05:00Z","o":67111.6,"h":67123.2,"l":67089.6,"c":67089.6,"v":243783.0},{"ts":"2026-02-13T13:06:00Z","o":67089.6,"h":67089.6,"l":67071.0,"c":67071.0,"v":243370.0},{"ts":"2026-02-13T13:07:00Z","o":67071.0,"h":67071.1,"l":66929.3,"c":66938.9,"v":733210.0},{"ts":"2026-02-13T13:08:00Z","o":66938.9,"h":66968.7,"l":66907.9,"c":66938.0,"v":553524.0},{"ts":"2026-02-13T13:09:00Z","o":66938.0,"h":66978.7,"l":66916.5,"c":66947.3,"v":454861.0},{"ts":"2026-02-13T13:10:00Z","o":66947.3,"h":66960.2,"l":66930.4,"c":66945.2,"v":337633.0},{"ts":"2026-02-13T13:11:00Z","o":66945.2,"h":66970.9,"l":66922.5,"c":66940.4,"v":364599.0},{"ts":"2026-02-13T13:12:00Z","o":66940.4,"h":66960.8,"l":66925.6,"c":66948.0,"v":238109.0},{"ts":"2026-02-13T13:13:00Z","o":66948.0,"h":66983.0,"l":66927.6,"c":66927.6,"v":674218.0},{"ts":"2026-02-13T13:14:00Z","o":66927.6,"h":66945.5,"l":66913.3,"c":66939.6,"v":280486.0},{"ts":"2026-02-13T13:15:00Z","o":66939.6,"h":66997.9,"l":66939.6,"c":66983.6,"v":360423.0},{"ts":"2026-02-13T13:16:00Z","o":66983.6,"h":67000.1,"l":66953.5,"c":66999.8,"v":465183.0},{"ts":"2026-02-13T13:17:00Z","o":66999.8,"h":67062.5,"l":66979.1,"c":67062.5,"v":372468.0},{"ts":"2026-02-13T13:18:00Z","o":67062.5,"h":67078.2,"l":67050.3,"c":67050.3,"v":547500.0},{"ts":"2026-02-13T13:19:00Z","o":67050.3,"h":67083.0,"l":67050.3,"c":67059.9,"v":294552.0},{"ts":"2026-02-13T13:20:00Z","o":67059.9,"h":67065.6,"l":67034.3,"c":67048.6,"v":312469.0},{"ts":"2026-02-13T13:21:00Z","o":67048.6,"h":67049.7,"l":67002.4,"c":67003.7,"v":137833.0},{"ts":"2026-02-13T13:22:00Z","o":67003.7,"h":67080.0,"l":66984.2,"c":67079.1,"v":443923.0},{"ts":"2026-02-13T13:23:00Z","o":67079.1,"h":67107.7,"l":67066.6,"c":67107.7,"v":323827.0},{"ts":"2026-02-13T13:24:00Z","o":67107.7,"h":67246.2,"l":67107.6,"c":67200.0,"v":1689470.0},{"ts":"2026-02-13T13:25:00Z","o":67200.0,"h":67341.0,"l":67194.4,"c":67243.9,"v":2272662.0},{"ts":"2026-02-13T13:26:00Z","o":67243.9,"h":67294.8,"l":67234.4,"c":67284.7,"v":554798.0},{"ts":"2026-02-13T13:27:00Z","o":67284.7,"h":67287.6,"l":67240.2,"c":67243.6,"v":615926.0},{"ts":"2026-02-13T13:28:00Z","o":67243.6,"h":67299.4,"l":67243.5,"c":67279.7,"v":356548.0},{"ts":"2026-02-13T13:29:00Z","o":67279.7,"h":67382.9,"l":67248.4,"c":67304.4,"v":1065182.0},{"ts":"2026-02-13T13:30:00Z","o":67304.4,"h":67595.8,"l":67286.8,"c":67316.1,"v":6952692.0},{"ts":"2026-02-13T13:31:00Z","o":67316.1,"h":67474.2,"l":67286.3,"c":67431.2,"v":1292041.0},{"ts":"2026-02-13T13:32:00Z","o":67431.2,"h":67512.0,"l":67317.7,"c":67356.0,"v":1235589.0},{"ts":"2026-02-13T13:33:00Z","o":67356.0,"h":67498.0,"l":67328.3,"c":67498.0,"v":588298.0},{"ts":"2026-02-13T13:34:00Z","o":67498.0,"h":67531.7,"l":67425.4,"c":67479.8,"v":1615321.0},{"ts":"2026-02-13T13:35:00Z","o":67479.8,"h":67479.8,"l":67343.8,"c":67430.0,"v":1498349.0},{"ts":"2026-02-13T13:36:00Z","o":67430.0,"h":67436.5,"l":67268.4,"c":67304.2,"v":1076409.0},{"ts":"2026-02-13T13:37:00Z","o":67304.2,"h":67337.6,"l":67263.3,"c":67331.8,"v":468842.0},{"ts":"2026-02-13T13:38:00Z","o":67331.8,"h":67345.6,"l":67239.0,"c":67241.5,"v":676575.0},{"ts":"2026-02-13T13:39:00Z","o":67241.5,"h":67328.3,"l":67206.5,"c":67270.9,"v":687174.0},{"ts":"2026-02-13T13:40:00Z","o":67270.9,"h":67287.9,"l":67163.1,"c":67201.9,"v":705835.0},{"ts":"2026-02-13T13:41:00Z","o":67201.9,"h":67324.8,"l":67201.9,"c":67306.8,"v":959144.0},{"ts":"2026-02-13T13:42:00Z","o":67306.8,"h":67360.9,"l":67201.7,"c":67239.9,"v":615337.0},{"ts":"2026-02-13T13:43:00Z","o":67239.9,"h":67326.0,"l":67239.9,"c":67326.0,"v":553223.0},{"ts":"2026-02-13T13:44:00Z","o":67326.0,"h":67330.0,"l":67252.6,"c":67292.9,"v":415884.0},{"ts":"2026-02-13T13:45:00Z","o":67292.9,"h":67316.3,"l":67201.4,"c":67211.7,"v":1566745.0},{"ts":"2026-02-13T13:46:00Z","o":67211.7,"h":67241.4,"l":67110.0,"c":67172.9,"v":890947.0},{"ts":"2026-02-13T13:47:00Z","o":67172.9,"h":67176.0,"l":67111.8,"c":67136.2,"v":494266.0},{"ts":"2026-02-13T13:48:00Z","o":67136.2,"h":67159.9,"l":67079.1,"c":67109.2,"v":772687.0},{"ts":"2026-02-13T13:49:00Z","o":67109.2,"h":67263.3,"l":67105.4,"c":67250.7,"v":962514.0},{"ts":"2026-02-13T13:50:00Z","o":67250.7,"h":67324.8,"l":67228.6,"c":67266.1,"v":1747522.0},{"ts":"2026-02-13T13:51:00Z","o":67266.1,"h":67324.4,"l":67260.0,"c":67300.2,"v":437232.0},{"ts":"2026-02-13T13:52:00Z","o":67300.2,"h":67357.7,"l":67276.5,"c":67349.9,"v":465170.0},{"ts":"2026-02-13T13:53:00Z","o":67349.9,"h":67381.5,"l":67333.7,"c":67347.1,"v":563059.0},{"ts":"2026-02-13T13:54:00Z","o":67347.1,"h":67349.8,"l":67320.0,"c":67320.1,"v":397370.0},{"ts":"2026-02-13T13:55:00Z","o":67320.1,"h":67358.3,"l":67320.0,"c":67342.7,"v":199972.0},{"ts":"2026-02-13T13:56:00Z","o":67342.7,"h":67387.7,"l":67305.0,"c":67308.7,"v":575024.0},{"ts":"2026-02-13T13:57:00Z","o":67308.7,"h":67333.1,"l":67263.3,"c":67266.3,"v":513294.0},{"ts":"2026-02-13T13:58:00Z","o":67266.3,"h":67303.0,"l":67235.6,"c":67288.3,"v":420034.0},{"ts":"2026-02-13T13:59:00Z","o":67288.3,"h":67307.2,"l":67236.9,"c":67238.1,"v":223085.0},{"ts":"2026-02-13T14:00:00Z","o":67238.1,"h":67242.7,"l":67200.5,"c":67223.9,"v":628778.0},{"ts":"2026-02-13T14:01:00Z","o":67223.9,"h":67265.6,"l":67217.3,"c":67251.5,"v":169541.0},{"ts":"2026-02-13T14:02:00Z","o":67251.5,"h":67280.1,"l":67199.5,"c":67240.0,"v":396039.0},{"ts":"2026-02-13T14:03:00Z","o":67240.0,"h":67257.7,"l":67189.8,"c":67197.4,"v":299631.0},{"ts":"2026-02-13T14:04:00Z","o":67197.4,"h":67197.4,"l":67115.4,"c":67138.7,"v":555569.0},{"ts":"2026-02-13T14:05:00Z","o":67138.7,"h":67190.5,"l":67100.0,"c":67154.0,"v":426649.0},{"ts":"2026-02-13T14:06:00Z","o":67154.0,"h":67177.1,"l":67100.1,"c":67158.4,"v":262330.0},{"ts":"2026-02-13T14:07:00Z","o":67158.4,"h":67158.4,"l":67094.4,"c":67149.2,"v":274538.0},{"ts":"2026-02-13T14:08:00Z","o":67149.2,"h":67194.4,"l":67149.2,"c":67180.4,"v":329054.0},{"ts":"2026-02-13T14:09:00Z","o":67180.4,"h":67229.8,"l":67180.4,"c":67193.0,"v":302690.0},{"ts":"2026-02-13T14:10:00Z","o":67193.0,"h":67258.5,"l":67191.7,"c":67258.5,"v":377005.0},{"ts":"2026-02-13T14:11:00Z","o":67258.5,"h":67276.2,"l":67235.7,"c":67246.3,"v":348623.0},{"ts":"2026-02-13T14:12:00Z","o":67246.3,"h":67246.6,"l":67187.7,"c":67220.9,"v":159967.0},{"ts":"2026-02-13T14:13:00Z","o":67220.9,"h":67221.0,"l":67199.6,"c":67200.1,"v":71618.0}],"5m":[{"ts":"2026-02-13T04:15:00Z","o":66504.9,"h":66643.9,"l":66465.1,"c":66610.1,"v":1199151.0},{"ts":"2026-02-13T04:20:00Z","o":66610.1,"h":66612.8,"l":66420.0,"c":66474.9,"v":1707625.0},{"ts":"2026-02-13T04:25:00Z","o":66474.9,"h":66491.4,"l":66418.6,"c":66418.6,"v":826827.0},{"ts":"2026-02-13T04:30:00Z","o":66418.6,"h":66424.7,"l":66350.0,"c":66391.0,"v":1384075.0},{"ts":"2026-02-13T04:35:00Z","o":66391.0,"h":66444.1,"l":66375.7,"c":66405.0,"v":588031.0},{"ts":"2026-02-13T04:40:00Z","o":66405.0,"h":66407.6,"l":66311.0,"c":66334.6,"v":950333.0},{"ts":"2026-02-13T04:45:00Z","o":66334.6,"h":66343.9,"l":66273.4,"c":66307.2,"v":1122943.0},{"ts":"2026-02-13T04:50:00Z","o":66307.2,"h":66387.6,"l":66307.1,"c":66386.0,"v":808636.0},{"ts":"2026-02-13T04:55:00Z","o":66386.0,"h":66413.8,"l":66280.1,"c":66300.0,"v":973948.0},{"ts":"2026-02-13T05:00:00Z","o":66300.0,"h":66424.5,"l":66291.2,"c":66376.0,"v":997776.0},{"ts":"2026-02-13T05:05:00Z","o":66376.0,"h":66407.4,"l":66190.5,"c":66250.0,"v":1419276.0},{"ts":"2026-02-13T05:10:00Z","o":66250.0,"h":66300.0,"l":66211.1,"c":66211.1,"v":910870.0},{"ts":"2026-02-13T05:15:00Z","o":66211.1,"h":66305.0,"l":66194.4,"c":66304.9,"v":721549.0},{"ts":"2026-02-13T05:20:00Z","o":66304.9,"h":66374.7,"l":66267.2,"c":66267.2,"v":531743.0},{"ts":"2026-02-13T05:25:00Z","o":66267.2,"h":66337.2,"l":66223.6,"c":66292.1,"v":510854.0},{"ts":"2026-02-13T05:30:00Z","o":66292.1,"h":66388.1,"l":66278.0,"c":66368.0,"v":790827.0},{"ts":"2026-02-13T05:35:00Z","o":66368.0,"h":66438.8,"l":66336.6,"c":66388.8,"v":1220843.0},{"ts":"2026-02-13T05:40:00Z","o":66388.8,"h":66444.0,"l":66318.4,"c":66438.0,"v":1026293.0},{"ts":"2026-02-13T05:45:00Z","o":66438.0,"h":66474.4,"l":66399.5,"c":66455.6,"v":807037.0},{"ts":"2026-02-13T05:50:00Z","o":66455.6,"h":66455.6,"l":66336.9,"c":66346.7,"v":543178.0},{"ts":"2026-02-13T05:55:00Z","o":66346.7,"h":66346.7,"l":66151.1,"c":66151.3,"v":1623255.0},{"ts":"2026-02-13T06:00:00Z","o":66151.3,"h":66245.7,"l":66135.1,"c":66204.3,"v":1355361.0},{"ts":"2026-02-13T06:05:00Z","o":66204.3,"h":66259.5,"l":66184.4,"c":66222.2,"v":536208.0},{"ts":"2026-02-13T06:10:00Z","o":66222.2,"h":66279.9,"l":66202.0,"c":66202.7,"v":552345.0},{"ts":"2026-02-13T06:15:00Z","o":66202.7,"h":66268.0,"l":66173.2,"c":66173.2,"v":821021.0},{"ts":"2026-02-13T06:20:00Z","o":66173.2,"h":66227.0,"l":66010.0,"c":66071.5,"v":1747988.0},{"ts":"2026-02-13T06:25:00Z","o":66071.5,"h":66095.7,"l":66018.5,"c":66093.5,"v":1061446.0},{"ts":"2026-02-13T06:30:00Z","o":66093.5,"h":66093.5,"l":65973.7,"c":66045.4,"v":1319991.0},{"ts":"2026-02-13T06:35:00Z","o":66045.4,"h":66095.5,"l":66012.0,"c":66017.6,"v":700281.0},{"ts":"2026-02-13T06:40:00Z","o":66017.6,"h":66084.9,"l":66017.6,"c":66059.3,"v":722952.0},{"ts":"2026-02-13T06:45:00Z","o":66059.3,"h":66105.5,"l":66020.2,"c":66050.0,"v":1292008.0},{"ts":"2026-02-13T06:50:00Z","o":66050.0,"h":66200.8,"l":66050.0,"c":66191.0,"v":1507139.0},{"ts":"2026-02-13T06:55:00Z","o":66191.0,"h":66367.5,"l":66172.7,"c":66330.4,"v":1649428.0},{"ts":"2026-02-13T07:00:00Z","o":66330.4,"h":66450.0,"l":66304.4,"c":66426.2,"v":1232009.0},{"ts":"2026-02-13T07:05:00Z","o":66426.2,"h":66445.0,"l":66338.0,"c":66350.0,"v":1129413.0},{"ts":"2026-02-13T07:10:00Z","o":66350.0,"h":66543.2,"l":66350.0,"c":66497.5,"v":2007148.0},{"ts":"2026-02-13T07:15:00Z","o":66497.5,"h":66540.1,"l":66409.7,"c":66429.9,"v":1106350.0},{"ts":"2026-02-13T07:20:00Z","o":66429.9,"h":66470.0,"l":66385.8,"c":66469.3,"v":1179858.0},{"ts":"2026-02-13T07:25:00Z","o":66469.3,"h":66491.1,"l":66399.3,"c":66490.0,"v":825488.0},{"ts":"2026-02-13T07:30:00Z","o":66490.0,"h":66490.0,"l":66288.6,"c":66320.9,"v":1313990.0},{"ts":"2026-02-13T07:35:00Z","o":66320.9,"h":66337.9,"l":66149.8,"c":66200.3,"v":1847429.0},{"ts":"2026-02-13T07:40:00Z","o":66200.3,"h":66200.3,"l":66093.8,"c":66094.0,"v":1685936.0},{"ts":"2026-02-13T07:45:00Z","o":66094.0,"h":66137.9,"l":66040.9,"c":66118.3,"v":1584807.0},{"ts":"2026-02-13T07:50:00Z","o":66118.3,"h":66278.8,"l":66018.0,"c":66278.8,"v":1678001.0},{"ts":"2026-02-13T07:55:00Z","o":66278.8,"h":66300.0,"l":66132.0,"c":66183.2,"v":1942851.0},{"ts":"2026-02-13T08:00:00Z","o":66183.2,"h":66336.6,"l":66159.9,"c":66312.0,"v":1684090.0},{"ts":"2026-02-13T08:05:00Z","o":66312.0,"h":66459.6,"l":66252.8,"c":66258.1,"v":1895186.0},{"ts":"2026-02-13T08:10:00Z","o":66258.1,"h":66328.0,"l":66230.9,"c":66232.1,"v":625622.0},{"ts":"2026-02-13T08:15:00Z","o":66232.1,"h":66305.9,"l":66185.8,"c":66298.3,"v":1008404.0},{"ts":"2026-02-13T08:20:00Z","o":66298.3,"h":66391.7,"l":66241.8,"c":66263.6,"v":1422348.0},{"ts":"2026-02-13T08:25:00Z","o":66263.6,"h":66412.5,"l":66263.6,"c":66382.8,"v":1020078.0},{"ts":"2026-02-13T08:30:00Z","o":66382.8,"h":66440.2,"l":66341.4,"c":66430.1,"v":993700.0},{"ts":"2026-02-13T08:35:00Z","o":66430.1,"h":66511.1,"l":66390.6,"c":66397.3,"v":1658651.0},{"ts":"2026-02-13T08:40:00Z","o":66397.3,"h":66477.0,"l":66369.1,"c":66477.0,"v":1191232.0},{"ts":"2026-02-13T08:45:00Z","o":66477.0,"h":66723.0,"l":66476.9,"c":66631.9,"v":3334252.0},{"ts":"2026-02-13T08:50:00Z","o":66631.9,"h":66676.9,"l":66575.8,"c":66652.5,"v":1970208.0},{"ts":"2026-02-13T08:55:00Z","o":66652.5,"h":66676.1,"l":66555.2,"c":66674.8,"v":1189895.0},{"ts":"2026-02-13T09:00:00Z","o":66674.8,"h":66697.5,"l":66580.0,"c":66631.0,"v":1600463.0},{"ts":"2026-02-13T09:05:00Z","o":66631.0,"h":66767.4,"l":66599.7,"c":66748.9,"v":1962415.0},{"ts":"2026-02-13T09:10:00Z","o":66748.9,"h":66830.9,"l":66621.0,"c":66653.5,"v":2942979.0},{"ts":"2026-02-13T09:15:00Z","o":66653.5,"h":66760.0,"l":66606.0,"c":66695.3,"v":1852419.0},{"ts":"2026-02-13T09:20:00Z","o":66695.3,"h":66809.8,"l":66645.6,"c":66761.5,"v":1545117.0},{"ts":"2026-02-13T09:25:00Z","o":66761.5,"h":66790.2,"l":66687.1,"c":66790.1,"v":921996.0},{"ts":"2026-02-13T09:30:00Z","o":66790.1,"h":66875.7,"l":66743.2,"c":66873.1,"v":2122073.0},{"ts":"2026-02-13T09:35:00Z","o":66873.1,"h":66911.2,"l":66789.9,"c":66820.5,"v":1938239.0},{"ts":"2026-02-13T09:40:00Z","o":66820.5,"h":66875.1,"l":66772.3,"c":66822.6,"v":1143305.0},{"ts":"2026-02-13T09:45:00Z","o":66822.6,"h":67041.7,"l":66821.2,"c":66974.1,"v":3245343.0},{"ts":"2026-02-13T09:50:00Z","o":66974.1,"h":66998.1,"l":66907.9,"c":66928.2,"v":1487697.0},{"ts":"2026-02-13T09:55:00Z","o":66928.2,"h":66957.1,"l":66891.1,"c":66924.3,"v":952621.0},{"ts":"2026-02-13T10:00:00Z","o":66924.3,"h":66936.0,"l":66818.2,"c":66823.3,"v":1423403.0},{"ts":"2026-02-13T10:05:00Z","o":66823.3,"h":66880.7,"l":66789.7,"c":66800.0,"v":3069222.0},{"ts":"2026-02-13T10:10:00Z","o":66800.0,"h":66879.2,"l":66800.0,"c":66873.3,"v":966197.0},{"ts":"2026-02-13T10:15:00Z","o":66873.3,"h":67064.0,"l":66860.0,"c":66970.2,"v":2171965.0},{"ts":"2026-02-13T10:20:00Z","o":66970.2,"h":66970.3,"l":66765.5,"c":66797.0,"v":1827940.0},{"ts":"2026-02-13T10:25:00Z","o":66797.0,"h":66888.0,"l":66788.6,"c":66882.0,"v":1249252.0},{"ts":"2026-02-13T10:30:00Z","o":66882.0,"h":66988.0,"l":66810.0,"c":66940.4,"v":1683061.0},{"ts":"2026-02-13T10:35:00Z","o":66940.4,"h":67016.2,"l":66914.7,"c":66917.2,"v":2767064.0},{"ts":"2026-02-13T10:40:00Z","o":66917.2,"h":67086.5,"l":66907.9,"c":66993.2,"v":2323268.0},{"ts":"2026-02-13T10:45:00Z","o":66993.2,"h":67022.0,"l":66933.9,"c":66999.9,"v":1453400.0},{"ts":"2026-02-13T10:50:00Z","o":66999.9,"h":67058.4,"l":66946.6,"c":67000.6,"v":1218225.0},{"ts":"2026-02-13T10:55:00Z","o":67000.6,"h":67023.0,"l":66937.5,"c":66940.0,"v":991509.0},{"ts":"2026-02-13T11:00:00Z","o":66940.0,"h":66949.4,"l":66819.5,"c":66899.6,"v":2003109.0},{"ts":"2026-02-13T11:05:00Z","o":66899.6,"h":66999.9,"l":66857.0,"c":66880.0,"v":1394610.0},{"ts":"2026-02-13T11:10:00Z","o":66880.0,"h":66895.3,"l":66809.1,"c":66849.9,"v":1252401.0},{"ts":"2026-02-13T11:15:00Z","o":66849.9,"h":66911.5,"l":66827.5,"c":66900.1,"v":1264351.0},{"ts":"2026-02-13T11:20:00Z","o":66900.1,"h":66937.8,"l":66849.1,"c":66859.1,"v":1175903.0},{"ts":"2026-02-13T11:25:00Z","o":66859.1,"h":66978.3,"l":66856.3,"c":66944.6,"v":1211904.0},{"ts":"2026-02-13T11:30:00Z","o":66944.6,"h":66965.6,"l":66749.1,"c":66818.8,"v":2377706.0},{"ts":"2026-02-13T11:35:00Z","o":66818.8,"h":66969.6,"l":66791.0,"c":66914.7,"v":1111496.0},{"ts":"2026-02-13T11:40:00Z","o":66914.7,"h":66993.5,"l":66898.3,"c":66962.0,"v":1098297.0},{"ts":"2026-02-13T11:45:00Z","o":66962.0,"h":67014.7,"l":66930.3,"c":66976.7,"v":1482621.0},{"ts":"2026-02-13T11:50:00Z","o":66976.7,"h":67034.2,"l":66968.5,"c":67024.6,"v":786353.0},{"ts":"2026-02-13T11:55:00Z","o":67024.6,"h":67195.4,"l":67004.4,"c":67137.4,"v":3054861.0},{"ts":"2026-02-13T12:00:00Z","o":67137.4,"h":67143.2,"l":66974.6,"c":66987.3,"v":2151494.0},{"ts":"2026-02-13T12:05:00Z","o":66987.3,"h":67022.6,"l":66912.0,"c":67004.1,"v":1811874.0},{"ts":"2026-02-13T12:10:00Z","o":67004.1,"h":67055.9,"l":66944.7,"c":66951.7,"v":1164023.0},{"ts":"2026-02-13T12:15:00Z","o":66951.7,"h":67009.5,"l":66887.0,"c":66973.2,"v":1453616.0},{"ts":"2026-02-13T12:20:00Z","o":66973.2,"h":67040.0,"l":66959.9,"c":66977.5,"v":1269032.0},{"ts":"2026-02-13T12:25:00Z","o":66977.5,"h":67091.2,"l":66966.0,"c":67060.1,"v":1057339.0},{"ts":"2026-02-13T12:30:00Z","o":67060.1,"h":67074.8,"l":67012.2,"c":67023.1,"v":807986.0},{"ts":"2026-02-13T12:35:00Z","o":67023.1,"h":67103.1,"l":67001.3,"c":67041.0,"v":1112900.0},{"ts":"2026-02-13T12:40:00Z","o":67041.0,"h":67097.9,"l":67025.2,"c":67057.3,"v":738186.0},{"ts":"2026-02-13T12:45:00Z","o":67057.3,"h":67078.5,"l":66972.1,"c":67073.4,"v":1893712.0},{"ts":"2026-02-13T12:50:00Z","o":67073.4,"h":67180.0,"l":67007.3,"c":67179.9,"v":1744892.0},{"ts":"2026-02-13T12:55:00Z","o":67179.9,"h":67180.9,"l":67030.0,"c":67050.0,"v":1981809.0},{"ts":"2026-02-13T13:00:00Z","o":67050.0,"h":67155.4,"l":67047.9,"c":67111.6,"v":1038824.0},{"ts":"2026-02-13T13:05:00Z","o":67111.6,"h":67123.2,"l":66907.9,"c":66947.3,"v":2228748.0},{"ts":"2026-02-13T13:10:00Z","o":66947.3,"h":66983.0,"l":66913.3,"c":66939.6,"v":1895045.0},{"ts":"2026-02-13T13:15:00Z","o":66939.6,"h":67083.0,"l":66939.6,"c":67059.9,"v":2040126.0},{"ts":"2026-02-13T13:20:00Z","o":67059.9,"h":67246.2,"l":66984.2,"c":67200.0,"v":2907522.0},{"ts":"2026-02-13T13:25:00Z","o":67200.0,"h":67382.9,"l":67194.4,"c":67304.4,"v":4865116.0},{"ts":"2026-02-13T13:30:00Z","o":67304.4,"h":67595.8,"l":67286.3,"c":67479.8,"v":11683941.0},{"ts":"2026-02-13T13:35:00Z","o":67479.8,"h":67479.8,"l":67206.5,"c":67270.9,"v":4407349.0},{"ts":"2026-02-13T13:40:00Z","o":67270.9,"h":67360.9,"l":67163.1,"c":67292.9,"v":3249423.0},{"ts":"2026-02-13T13:45:00Z","o":67292.9,"h":67316.3,"l":67079.1,"c":67250.7,"v":4687159.0},{"ts":"2026-02-13T13:50:00Z","o":67250.7,"h":67381.5,"l":67228.6,"c":67320.1,"v":3610353.0},{"ts":"2026-02-13T13:55:00Z","o":67320.1,"h":67387.7,"l":67235.6,"c":67238.1,"v":1931409.0},{"ts":"2026-02-13T14:00:00Z","o":67238.1,"h":67280.1,"l":67115.4,"c":67138.7,"v":2049558.0},{"ts":"2026-02-13T14:05:00Z","o":67138.7,"h":67229.8,"l":67094.4,"c":67193.0,"v":1595261.0},{"ts":"2026-02-13T14:10:00Z","o":67193.0,"h":67276.2,"l":67187.7,"c":67200.1,"v":957306.0}],"15m":[{"ts":"2026-02-12T18:15:00Z","o":65664.8,"h":65691.3,"l":65199.0,"c":65273.2,"v":11128511.0},{"ts":"2026-02-12T18:30:00Z","o":65273.2,"h":65507.6,"l":65081.1,"c":65404.8,"v":8801303.0},{"ts":"2026-02-12T18:45:00Z","o":65404.8,"h":65671.0,"l":65377.7,"c":65559.4,"v":6347793.0},{"ts":"2026-02-12T19:00:00Z","o":65559.4,"h":65720.0,"l":65235.5,"c":65416.8,"v":6533720.0},{"ts":"2026-02-12T19:15:00Z","o":65416.8,"h":65932.7,"l":65382.6,"c":65745.1,"v":7706996.0},{"ts":"2026-02-12T19:30:00Z","o":65745.1,"h":66076.1,"l":65728.4,"c":65948.6,"v":7301165.0},{"ts":"2026-02-12T19:45:00Z","o":65948.6,"h":66088.0,"l":65743.4,"c":65760.8,"v":5417969.0},{"ts":"2026-02-12T20:00:00Z","o":65760.8,"h":66008.7,"l":65576.2,"c":65677.7,"v":7027791.0},{"ts":"2026-02-12T20:15:00Z","o":65677.7,"h":65782.6,"l":65451.5,"c":65477.0,"v":4261713.0},{"ts":"2026-02-12T20:30:00Z","o":65477.0,"h":65655.9,"l":65370.0,"c":65517.6,"v":5123423.0},{"ts":"2026-02-12T20:45:00Z","o":65517.6,"h":65563.7,"l":65184.4,"c":65395.2,"v":8069038.0},{"ts":"2026-02-12T21:00:00Z","o":65395.2,"h":65643.3,"l":65395.2,"c":65640.2,"v":5258266.0},{"ts":"2026-02-12T21:15:00Z","o":65640.2,"h":65770.0,"l":65445.0,"c":65575.7,"v":5823486.0},{"ts":"2026-02-12T21:30:00Z","o":65575.7,"h":65819.5,"l":65550.1,"c":65788.5,"v":4866212.0},{"ts":"2026-02-12T21:45:00Z","o":65788.5,"h":65873.3,"l":65706.4,"c":65816.8,"v":2810797.0},{"ts":"2026-02-12T22:00:00Z","o":65816.8,"h":65861.6,"l":65715.0,"c":65788.9,"v":3423072.0},{"ts":"2026-02-12T22:15:00Z","o":65788.9,"h":65927.3,"l":65615.0,"c":65927.3,"v":4459347.0},{"ts":"2026-02-12T22:30:00Z","o":65927.3,"h":66176.9,"l":65850.8,"c":66168.1,"v":5300581.0},{"ts":"2026-02-12T22:45:00Z","o":66168.1,"h":66380.0,"l":66160.0,"c":66262.3,"v":6674619.0},{"ts":"2026-02-12T23:00:00Z","o":66262.3,"h":66444.0,"l":66173.2,"c":66286.0,"v":5893589.0},{"ts":"2026-02-12T23:15:00Z","o":66286.0,"h":66458.1,"l":66228.2,"c":66366.4,"v":3006050.0},{"ts":"2026-02-12T23:30:00Z","o":66366.4,"h":66456.1,"l":66175.3,"c":66219.9,"v":3842626.0},{"ts":"2026-02-12T23:45:00Z","o":66219.9,"h":66280.2,"l":66135.8,"c":66243.1,"v":3096513.0},{"ts":"2026-02-13T00:00:00Z","o":66243.1,"h":66498.4,"l":66137.9,"c":66341.3,"v":5761410.0},{"ts":"2026-02-13T00:15:00Z","o":66341.3,"h":66347.8,"l":65976.0,"c":66001.8,"v":5952390.0},{"ts":"2026-02-13T00:30:00Z","o":66001.8,"h":66111.5,"l":65870.7,"c":65924.6,"v":7882903.0},{"ts":"2026-02-13T00:45:00Z","o":65924.6,"h":66038.1,"l":65833.9,"c":65881.9,"v":7017403.0},{"ts":"2026-02-13T01:00:00Z","o":65881.9,"h":66250.1,"l":65881.9,"c":66220.0,"v":5203778.0},{"ts":"2026-02-13T01:15:00Z","o":66220.0,"h":66265.0,"l":66052.7,"c":66189.5,"v":4085738.0},{"ts":"2026-02-13T01:30:00Z","o":66189.5,"h":66475.1,"l":66189.5,"c":66383.7,"v":4936633.0},{"ts":"2026-02-13T01:45:00Z","o":66383.7,"h":66587.6,"l":66299.5,"c":66423.5,"v":5365308.0},{"ts":"2026-02-13T02:00:00Z","o":66423.5,"h":66540.0,"l":66352.8,"c":66531.0,"v":3526791.0},{"ts":"2026-02-13T02:15:00Z","o":66531.0,"h":66622.9,"l":66353.8,"c":66494.5,"v":3169626.0},{"ts":"2026-02-13T02:30:00Z","o":66494.5,"h":66600.0,"l":66428.5,"c":66555.1,"v":2315313.0},{"ts":"2026-02-13T02:45:00Z","o":66555.1,"h":66727.2,"l":66510.8,"c":66628.0,"v":3310231.0},{"ts":"2026-02-13T03:00:00Z","o":66628.0,"h":66741.6,"l":66464.0,"c":66481.5,"v":4291177.0},{"ts":"2026-02-13T03:15:00Z","o":66481.5,"h":66647.0,"l":66453.5,"c":66647.0,"v":2315609.0},{"ts":"2026-02-13T03:30:00Z","o":66647.0,"h":66778.0,"l":66585.3,"c":66608.4,"v":2889262.0},{"ts":"2026-02-13T03:45:00Z","o":66608.4,"h":66641.5,"l":66422.9,"c":66519.6,"v":3337421.0},{"ts":"2026-02-13T04:00:00Z","o":66519.6,"h":66562.0,"l":66399.2,"c":66504.9,"v":2987635.0},{"ts":"2026-02-13T04:15:00Z","o":66504.9,"h":66643.9,"l":66418.6,"c":66418.6,"v":3733603.0},{"ts":"2026-02-13T04:30:00Z","o":66418.6,"h":66444.1,"l":66311.0,"c":66334.6,"v":2922439.0},{"ts":"2026-02-13T04:45:00Z","o":66334.6,"h":66413.8,"l":66273.4,"c":66300.0,"v":2905527.0},{"ts":"2026-02-13T05:00:00Z","o":66300.0,"h":66424.5,"l":66190.5,"c":66211.1,"v":3327922.0},{"ts":"2026-02-13T05:15:00Z","o":66211.1,"h":66374.7,"l":66194.4,"c":66292.1,"v":1764146.0},{"ts":"2026-02-13T05:30:00Z","o":66292.1,"h":66444.0,"l":66278.0,"c":66438.0,"v":3037963.0},{"ts":"2026-02-13T05:45:00Z","o":66438.0,"h":66474.4,"l":66151.1,"c":66151.3,"v":2973470.0},{"ts":"2026-02-13T06:00:00Z","o":66151.3,"h":66279.9,"l":66135.1,"c":66202.7,"v":2443914.0},{"ts":"2026-02-13T06:15:00Z","o":66202.7,"h":66268.0,"l":66010.0,"c":66093.5,"v":3630455.0},{"ts":"2026-02-13T06:30:00Z","o":66093.5,"h":66095.5,"l":65973.7,"c":66059.3,"v":2743224.0},{"ts":"2026-02-13T06:45:00Z","o":66059.3,"h":66367.5,"l":66020.2,"c":66330.4,"v":4448575.0},{"ts":"2026-02-13T07:00:00Z","o":66330.4,"h":66543.2,"l":66304.4,"c":66497.5,"v":4368570.0},{"ts":"2026-02-13T07:15:00Z","o":66497.5,"h":66540.1,"l":66385.8,"c":66490.0,"v":3111696.0},{"ts":"2026-02-13T07:30:00Z","o":66490.0,"h":66490.0,"l":66093.8,"c":66094.0,"v":4847355.0},{"ts":"2026-02-13T07:45:00Z","o":66094.0,"h":66300.0,"l":66018.0,"c":66183.2,"v":5205659.0},{"ts":"2026-02-13T08:00:00Z","o":66183.2,"h":66459.6,"l":66159.9,"c":66232.1,"v":4204898.0},{"ts":"2026-02-13T08:15:00Z","o":66232.1,"h":66412.5,"l":66185.8,"c":66382.8,"v":3450830.0},{"ts":"2026-02-13T08:30:00Z","o":66382.8,"h":66511.1,"l":66341.4,"c":66477.0,"v":3843583.0},{"ts":"2026-02-13T08:45:00Z","o":66477.0,"h":66723.0,"l":66476.9,"c":66674.8,"v":6494355.0},{"ts":"2026-02-13T09:00:00Z","o":66674.8,"h":66830.9,"l":66580.0,"c":66653.5,"v":6505857.0},{"ts":"2026-02-13T09:15:00Z","o":66653.5,"h":66809.8,"l":66606.0,"c":66790.1,"v":4319532.0},{"ts":"2026-02-13T09:30:00Z","o":66790.1,"h":66911.2,"l":66743.2,"c":66822.6,"v":5203617.0},{"ts":"2026-02-13T09:45:00Z","o":66822.6,"h":67041.7,"l":66821.2,"c":66924.3,"v":5685661.0},{"ts":"2026-02-13T10:00:00Z","o":66924.3,"h":66936.0,"l":66789.7,"c":66873.3,"v":5458822.0},{"ts":"2026-02-13T10:15:00Z","o":66873.3,"h":67064.0,"l":66765.5,"c":66882.0,"v":5249157.0},{"ts":"2026-02-13T10:30:00Z","o":66882.0,"h":67086.5,"l":66810.0,"c":66993.2,"v":6773393.0},{"ts":"2026-02-13T10:45:00Z","o":66993.2,"h":67058.4,"l":66933.9,"c":66940.0,"v":3663134.0},{"ts":"2026-02-13T11:00:00Z","o":66940.0,"h":66999.9,"l":66809.1,"c":66849.9,"v":4650120.0},{"ts":"2026-02-13T11:15:00Z","o":66849.9,"h":66978.3,"l":66827.5,"c":66944.6,"v":3652158.0},{"ts":"2026-02-13T11:30:00Z","o":66944.6,"h":66993.5,"l":66749.1,"c":66962.0,"v":4587499.0},{"ts":"2026-02-13T11:45:00Z","o":66962.0,"h":67195.4,"l":66930.3,"c":67137.4,"v":5323835.0},{"ts":"2026-02-13T12:00:00Z","o":67137.4,"h":67143.2,"l":66912.0,"c":66951.7,"v":5127391.0},{"ts":"2026-02-13T12:15:00Z","o":66951.7,"h":67091.2,"l":66887.0,"c":67060.1,"v":3779987.0},{"ts":"2026-02-13T12:30:00Z","o":67060.1,"h":67103.1,"l":67001.3,"c":67057.3,"v":2659072.0},{"ts":"2026-02-13T12:45:00Z","o":67057.3,"h":67180.9,"l":66972.1,"c":67050.0,"v":5620413.0},{"ts":"2026-02-13T13:00:00Z","o":67050.0,"h":67155.4,"l":66907.9,"c":66939.6,"v":5162617.0},{"ts":"2026-02-13T13:15:00Z","o":66939.6,"h":67382.9,"l":66939.6,"c":67304.4,"v":9812764.0},{"ts":"2026-02-13T13:30:00Z","o":67304.4,"h":67595.8,"l":67163.1,"c":67292.9,"v":19340713.0},{"ts":"2026-02-13T13:45:00Z","o":67292.9,"h":67387.7,"l":67079.1,"c":67238.1,"v":10228921.0},{"ts":"2026-02-13T14:00:00Z","o":67238.1,"h":67280.1,"l":67094.4,"c":67200.1,"v":4602125.0}]},"features":{"P_used":67204.0,"orderbook":{"topN":20,"bandPct":0.0015,"bidSumTopN":192795.0,"askSumTopN":184171.0,"bidAskRatioTopN":1.0468260475319133,"bestBid":67200.0,"bestAsk":67200.1,"spread":0.10000000000582077,"spreadBps":0.014880066663564782,"nearBand":{"bidCount":20,"askCount":20,"topBidWall":{"price":67198.7,"size":102754.0},"topAskWall":{"price":67200.5,"size":102784.0}}},"orderbookHistory":{"available":true,"bidWall":{"samples":27,"persistRate":0.3076923076923077,"churnRate":0.6923076923076923,"sizeCv":0.2832914127590466},"askWall":{"samples":27,"persistRate":0.23076923076923078,"churnRate":0.7692307692307693,"sizeCv":0.38004817613208136}},"trades":{"available":true,"buyVol":21399.0,"sellVol":1045.0,"buyCnt":27,"sellCnt":13,"buyVolRatio":0.9534396720727143,"sellVolRatio":0.04656032792728569,"maxTrade":{"price":67204.1,"vol":8315.0,"T":1}},"openInterest":{"available":true,"windowSamples":26,"oiStart":521808825.0,"oiEnd":522506534.0,"oiChange":697709.0,"oiChangePct":0.1337096972248409,"pxStart":67203.9,"pxEnd":67127.2,"pxChangePct":-0.11413028112951347,"leverageChaseFlag":false},"context":{"available":true,"range15m":{"hi":67595.8,"lo":66606.0,"pos01":0.6002222671246757,"lastClose":67200.1,"meanClose":67010.68000000001},"range5m":{"hi":67595.8,"lo":66606.0,"pos01":0.6002222671246757,"lastClose":67200.1,"meanClose":67000.33333333333}}}}