{"meta":{"exchange":"MEXC","market":"FUTURES","symbol":"BTC_USDT","generated_at":"2026-02-13T15:34:31Z"},"marketInfo":{"priceUnit":0.1,"volUnit":1,"minVol":1,"contractSize":0.0001,"priceScale":1,"volScale":0,"maxLeverage":500},"price":{"ticker":{"contractId":10,"symbol":"BTC_USDT","lastPrice":68990.1,"bid1":68994.9,"ask1":68995,"volume24":276833614,"amount24":1845489725.67519,"holdVol":521073984,"lower24Price":65081.1,"high24Price":69192.7,"riseFallRate":0.0281,"riseFallValue":1886.6,"indexPrice":69052.64,"fairPrice":69018.7,"fundingRate":0,"maxBidPrice":75957.9,"minAskPrice":62147.3,"timestamp":1770996870720,"riseFallRates":{"zone":"UTC+8","r":0.0281,"v":1886.6,"r7":0.0228,"r30":-0.2613,"r90":-0.2869,"r180":-0.4134,"r365":-0.2795},"riseFallRatesOfTimezone":[0.0213,0.0414,0.0281]},"funding":{"symbol":"BTC_USDT","fundingRate":0,"maxFundingRate":0.0018,"minFundingRate":-0.0018,"collectCycle":8,"nextSettleTime":1770998400000,"timestamp":1770996872093},"index":{"symbol":"BTC_USDT","indexPrice":69031.16,"timestamp":1770996872288},"fair":{"symbol":"BTC_USDT","fairPrice":68992.5,"timestamp":1770996872603}},"metrics":{"openInterestNow":521073984,"oiHistory":[{"t":1770996874672,"lastPrice":68999.6,"bid1":68994.1,"ask1":68995.6,"holdVol":520921632,"fundingRate":0,"indexPrice":69031.13,"fairPrice":68992.5},{"t":1770996876978,"lastPrice":69020.1,"bid1":69020.1,"ask1":69020.2,"holdVol":520897353,"fundingRate":0,"indexPrice":69063.12,"fairPrice":69023.5},{"t":1770996879306,"lastPrice":69026,"bid1":69025.4,"ask1":69025.6,"holdVol":520862640,"fundingRate":0,"indexPrice":69072.1,"fairPrice":69033.1},{"t":1770996881623,"lastPrice":69038.1,"bid1":69033.8,"ask1":69033.9,"holdVol":520895875,"fundingRate":0,"indexPrice":69076.8,"fairPrice":69038.2},{"t":1770996883940,"lastPrice":69038.1,"bid1":69033.8,"ask1":69033.9,"holdVol":520895875,"fundingRate":0,"indexPrice":69076.8,"fairPrice":69038.2},{"t":1770996886281,"lastPrice":69025.8,"bid1":69025.7,"ask1":69025.8,"holdVol":521003625,"fundingRate":0,"indexPrice":69074.44,"fairPrice":69038.3},{"t":1770996888593,"lastPrice":69060,"bid1":69063.4,"ask1":69063.5,"holdVol":520926048,"fundingRate":0,"indexPrice":69086.14,"fairPrice":69062.9},{"t":1770996890909,"lastPrice":69060,"bid1":69063.4,"ask1":69063.5,"holdVol":520926048,"fundingRate":0,"indexPrice":69086.14,"fairPrice":69062.9},{"t":1770996893510,"lastPrice":69011.3,"bid1":69011.3,"ask1":69011.4,"holdVol":521371401,"fundingRate":0,"indexPrice":69054.51,"fairPrice":69018.2},{"t":1770996895844,"lastPrice":69011.3,"bid1":69011.3,"ask1":69011.4,"holdVol":521371401,"fundingRate":0,"indexPrice":69054.51,"fairPrice":69018.2},{"t":1770996898195,"lastPrice":69031.2,"bid1":69031.1,"ask1":69031.2,"holdVol":521251680,"fundingRate":0,"indexPrice":69071.04,"fairPrice":69031.7},{"t":1770996900502,"lastPrice":69020,"bid1":69020,"ask1":69020.1,"holdVol":521243193,"fundingRate":0,"indexPrice":69068.74,"fairPrice":69029.3},{"t":1770996902811,"lastPrice":69013.1,"bid1":69013.1,"ask1":69013.2,"holdVol":521882889,"fundingRate":0,"indexPrice":69049.57,"fairPrice":69010},{"t":1770996905120,"lastPrice":69013.1,"bid1":69013.1,"ask1":69013.2,"holdVol":521882889,"fundingRate":0,"indexPrice":69049.57,"fairPrice":69010},{"t":1770996907462,"lastPrice":69026.8,"bid1":69026.7,"ask1":69026.8,"holdVol":521938540,"fundingRate":0,"indexPrice":69049.12,"fairPrice":69010.3},{"t":1770996909780,"lastPrice":69027.6,"bid1":69027.5,"ask1":69027.7,"holdVol":522115027,"fundingRate":0,"indexPrice":69064.23,"fairPrice":69024.6},{"t":1770996912107,"lastPrice":68985.6,"bid1":68985.5,"ask1":68985.6,"holdVol":522064051,"fundingRate":0,"indexPrice":69031.63,"fairPrice":69010.1},{"t":1770996914457,"lastPrice":68985.6,"bid1":68985.5,"ask1":68985.6,"holdVol":522064051,"fundingRate":0,"indexPrice":69031.63,"fairPrice":69010.1},{"t":1770996916770,"lastPrice":68985.3,"bid1":68985.3,"ask1":68985.4,"holdVol":522143088,"fundingRate":0,"indexPrice":69019.02,"fairPrice":68979.4},{"t":1770996919086,"lastPrice":68968.1,"bid1":68967.6,"ask1":68967.7,"holdVol":522112089,"fundingRate":0,"indexPrice":69012.4,"fairPrice":68973.5},{"t":1770996921429,"lastPrice":68954.1,"bid1":68954.1,"ask1":68954.2,"holdVol":521971353,"fundingRate":0,"indexPrice":68999.56,"fairPrice":68959.9},{"t":1770996923749,"lastPrice":68920,"bid1":68923.2,"ask1":68923.3,"holdVol":522096163,"fundingRate":0,"indexPrice":68969.94,"fairPrice":68939.3},{"t":1770996926066,"lastPrice":68920,"bid1":68923.2,"ask1":68923.3,"holdVol":522096163,"fundingRate":0,"indexPrice":68969.94,"fairPrice":68939.3},{"t":1770996928398,"lastPrice":68957,"bid1":68959,"ask1":68959.7,"holdVol":522012326,"fundingRate":0,"indexPrice":68988.95,"fairPrice":68952.9},{"t":1770996930703,"lastPrice":68999.9,"bid1":68997.6,"ask1":69000,"holdVol":521681539,"fundingRate":0,"indexPrice":69025.02,"fairPrice":68992.8},{"t":1770996933059,"lastPrice":68990.8,"bid1":68984,"ask1":68984.1,"holdVol":521682816,"fundingRate":0,"indexPrice":69037.9,"fairPrice":69000.3}],"fundingRateNow":0,"fundingRateHistory":{"pageSize":24,"totalCount":1620,"totalPage":68,"currentPage":1,"resultList":[{"symbol":"BTC_USDT","fundingRate":6e-06,"settleTime":1770969600000,"collectCycle":8},{"symbol":"BTC_USDT","fundingRate":5.8e-05,"settleTime":1770940800000,"collectCycle":8},{"symbol":"BTC_USDT","fundingRate":-1.7e-05,"settleTime":1770912000000,"collectCycle":8},{"symbol":"BTC_USDT","fundingRate":3.3e-05,"settleTime":1770883200000,"collectCycle":8},{"symbol":"BTC_USDT","fundingRate":-1.3e-05,"settleTime":1770854400000,"collectCycle":8},{"symbol":"BTC_USDT","fundingRate":-1.2e-05,"settleTime":1770825600000,"collectCycle":8},{"symbol":"BTC_USDT","fundingRate":-8.3e-05,"settleTime":1770796800000,"collectCycle":8},{"symbol":"BTC_USDT","fundingRate":1.3e-05,"settleTime":1770768000000,"collectCycle":8},{"symbol":"BTC_USDT","fundingRate":-8.8e-05,"settleTime":1770739200000,"collectCycle":8},{"symbol":"BTC_USDT","fundingRate":-4.7e-05,"settleTime":1770710400000,"collectCycle":8},{"symbol":"BTC_USDT","fundingRate":-9e-05,"settleTime":1770681600000,"collectCycle":8},{"symbol":"BTC_USDT","fundingRate":-4.2e-05,"settleTime":1770652800000,"collectCycle":8},{"symbol":"BTC_USDT","fundingRate":1.7e-05,"settleTime":1770624000000,"collectCycle":8},{"symbol":"BTC_USDT","fundingRate":-2.9e-05,"settleTime":1770595200000,"collectCycle":8},{"symbol":"BTC_USDT","fundingRate":-4.9e-05,"settleTime":1770566400000,"collectCycle":8},{"symbol":"BTC_USDT","fundingRate":-3.5e-05,"settleTime":1770537600000,"collectCycle":8},{"symbol":"BTC_USDT","fundingRate":-3.4e-05,"settleTime":1770508800000,"collectCycle":8},{"symbol":"BTC_USDT","fundingRate":-3e-05,"settleTime":1770480000000,"collectCycle":8},{"symbol":"BTC_USDT","fundingRate":-8.2e-05,"settleTime":1770451200000,"collectCycle":8},{"symbol":"BTC_USDT","fundingRate":-0.000152,"settleTime":1770422400000,"collectCycle":8},{"symbol":"BTC_USDT","fundingRate":-0.000133,"settleTime":1770393600000,"collectCycle":8},{"symbol":"BTC_USDT","fundingRate":-0.000136,"settleTime":1770364800000,"collectCycle":8},{"symbol":"BTC_USDT","fundingRate":-1.3e-05,"settleTime":1770336000000,"collectCycle":8},{"symbol":"BTC_USDT","fundingRate":-4.9e-05,"settleTime":1770307200000,"collectCycle":8}]}},"orderbook":{"asks":[[68999.7,14630,5],[69000.8,6305,2],[69000.9,8574,1],[69001,4330,1],[69001.1,7228,2],[69001.2,3825,1],[69001.3,3751,1],[69001.4,3922,1],[69001.5,3889,1],[69001.6,3741,1],[69001.7,100422,2],[69001.8,3479,1],[69001.9,7171,2],[69002,3555,1],[69002.1,3970,1],[69002.2,4449,1],[69002.3,3513,1],[69002.4,3470,1],[69002.5,6820,2],[69002.6,3629,1]],"bids":[[68999.6,5008,1],[68993.9,1233,1],[68993.7,822,1],[68993.6,536,1],[68993.5,2494,1],[68993.4,2367,1],[68993.3,2579,1],[68993.2,2489,1],[68993.1,2683,1],[68993,2657,1],[68992.9,2628,1],[68992.8,2872,1],[68992.7,2366,1],[68992.6,2218,1],[68992.5,2891,1],[68992.4,2739,1],[68992.3,2513,1],[68992.2,2977,1],[68992.1,2461,1],[68992,2656,1]],"version":32463937010,"timestamp":1770996872371},"orderbookHistory":{"depthCommits":[{"asks":[],"bids":[[68992.4,0,0]],"version":32463938559},{"asks":[],"bids":[[68976.8,4899,2]],"version":32463938558},{"asks":[],"bids":[[68995.1,12321,6]],"version":32463938557},{"asks":[[69004.9,3354,1]],"bids":[],"version":32463938556},{"asks":[],"bids":[[68842.1,216,2]],"version":32463938555},{"asks":[],"bids":[[68999.2,4869,1]],"version":32463938554},{"asks":[[69073.8,6775,2]],"bids":[],"version":32463938553},{"asks":[],"bids":[[68968,5619,2]],"version":32463938552},{"asks":[],"bids":[[68995.1,13554,7]],"version":32463938551},{"asks":[],"bids":[[68985.6,6180,1]],"version":32463938550},{"asks":[],"bids":[[68979.4,5551,2]],"version":32463938549},{"asks":[[69054.3,7038,1]],"bids":[],"version":32463938548},{"asks":[],"bids":[[68898,1,1]],"version":32463938547},{"asks":[],"bids":[[68995.1,13369,6]],"version":32463938546},{"asks":[],"bids":[[68994.1,4792,1]],"version":32463938545},{"asks":[],"bids":[[68995.1,18043,7]],"version":32463938544},{"asks":[],"bids":[[68982.2,6367,1]],"version":32463938543},{"asks":[[69108.1,5618,1]],"bids":[],"version":32463938542},{"asks":[[69031.2,101,1]],"bids":[],"version":32463938541},{"asks":[],"bids":[[68999.4,9670,2]],"version":32463938540},{"asks":[],"bids":[[68971,7493,2]],"version":32463938539},{"asks":[],"bids":[[69001.5,889,1]],"version":32463938538},{"asks":[],"bids":[[68954.1,5105,2]],"version":32463938537},{"asks":[],"bids":[[68974,5249,2]],"version":32463938536},{"asks":[[69086.8,5619,2]],"bids":[],"version":32463938535},{"asks":[],"bids":[[68995.1,23039,8]],"version":32463938534},{"asks":[[69076.3,5618,1]],"bids":[],"version":32463938533},{"asks":[],"bids":[[68956.8,5998,2]],"version":32463938532},{"asks":[],"bids":[[68964.4,6754,3]],"version":32463938531},{"asks":[],"bids":[[68960,8249,6]],"version":32463938530},{"asks":[],"bids":[[68999.4,4835,1]],"version":32463938529},{"asks":[[69092.6,4414,1]],"bids":[],"version":32463938528},{"asks":[],"bids":[[68995.1,23224,9]],"version":32463938527},{"asks":[[69079.1,5244,1]],"bids":[],"version":32463938526},{"asks":[[69099.9,5431,1]],"bids":[],"version":32463938525},{"asks":[],"bids":[[68992.4,5056,1]],"version":32463938524},{"asks":[[69210.5,0,0]],"bids":[],"version":32463938523},{"asks":[],"bids":[[68994.1,9963,2]],"version":32463938522},{"asks":[],"bids":[[68994.1,11606,3]],"version":32463938521},{"asks":[[69059.5,0,0]],"bids":[],"version":32463938520},{"asks":[[69089.4,5056,1]],"bids":[],"version":32463938519},{"asks":[],"bids":[[68930.5,4960,2]],"version":32463938518},{"asks":[[69104.1,7635,2]],"bids":[],"version":32463938517},{"asks":[[69083.7,5896,1]],"bids":[],"version":32463938516},{"asks":[],"bids":[[68995.1,22402,8]],"version":32463938515},{"asks":[[69031.2,4997,2]],"bids":[],"version":32463938514},{"asks":[[69097,5962,1]],"bids":[],"version":32463938513},{"asks":[],"bids":[[68995.1,20759,7]],"version":32463938512},{"asks":[[69104.9,4418,1]],"bids":[],"version":32463938511},{"asks":[],"bids":[[68982.1,0,0]],"version":32463938510},{"asks":[[69013.1,5450,2]],"bids":[],"version":32463938509},{"asks":[],"bids":[[68912.6,4870,2]],"version":32463938508},{"asks":[],"bids":[[68999.3,4127,1]],"version":32463938507},{"asks":[[69014.5,5077,2]],"bids":[],"version":32463938506},{"asks":[],"bids":[[68997.1,5482,2]],"version":32463938505},{"asks":[],"bids":[[68898,5245,2]],"version":32463938504},{"asks":[[69011.7,5533,2]],"bids":[],"version":32463938503},{"asks":[],"bids":[[68980.7,217,1]],"version":32463938502},{"asks":[],"bids":[[68998.5,2753,1]],"version":32463938501},{"asks":[[69006.4,7779,2]],"bids":[],"version":32463938500}],"polled":{"seconds":60,"stepSec":2.0,"levels":20,"snapshots":[{"timestamp":1770996935049,"version":32464067005,"bids":[[68998.2,9837,1],[68998.1,3329,1],[68998,3346,1],[68997.9,4134,1],[68997.8,4162,1],[68997.7,4255,1],[68997.6,3927,1],[68997.5,4031,1],[68997.4,4022,1],[68997.3,100693,2],[68997.2,4230,1],[68997.1,4219,1],[68997,4379,1],[68996.9,3628,1],[68996.8,4303,1],[68996.4,3672,1],[68996.3,3957,1],[68995.9,3411,1],[68995.8,3897,1],[68995.7,3438,1]],"asks":[[68998.3,22355,4],[68998.4,7554,2],[68998.5,7258,2],[68998.6,4324,1],[68998.7,3955,1],[68998.8,4345,1],[68998.9,3378,1],[68999.1,96434,1],[68999.3,5828,2],[68999.4,3805,1],[68999.5,3660,1],[68999.6,4371,1],[68999.7,4028,1],[68999.8,3626,1],[68999.9,4005,1],[69000,4177,2],[69000.1,3440,1],[69000.2,4295,1],[69000.3,3991,1],[69000.4,3784,1]]},{"timestamp":1770996937232,"version":32464073940,"bids":[[69033.5,4159,1],[69033.3,4529,1],[69033.1,3809,1],[69032.9,3692,1],[69032.7,4142,1],[69032.5,3976,1],[69032.3,4449,1],[69032.1,7814,2],[69031.9,4849,1],[69031.7,26070,2],[69031.5,4696,1],[69031.3,4807,1],[69031.1,6958,2],[69031,2828,1],[69030.9,7334,2],[69030.8,2392,1],[69030.7,8379,3],[69030.6,2679,1],[69030.5,6608,2],[69030.4,2615,1]],"asks":[[69034.1,10474,5],[69034.8,13,1],[69034.9,30,1],[69035.5,1376,1],[69036.9,5018,1],[69037.1,4153,1],[69037.3,3221,1],[69037.5,1376,1],[69038.1,12728,3],[69038.2,7691,2],[69038.3,7273,2],[69038.4,3596,1],[69038.5,3741,1],[69038.6,3655,1],[69038.7,3716,1],[69038.8,3917,1],[69038.9,101525,3],[69039,3985,1],[69039.1,4043,1],[69039.2,4416,1]]},{"timestamp":1770996939253,"version":32464078200,"bids":[[69049.2,10698,4],[69047.8,9452,4],[69046.4,1376,1],[69045.3,3911,1],[69045.1,4113,1],[69044.8,1376,1],[69044.3,4465,1],[69044.1,4159,1],[69043.9,4304,1],[69043.7,4842,1],[69043.5,4360,1],[69043.4,1376,1],[69043.3,4140,1],[69043.1,4194,1],[69042.9,4806,1],[69042.7,4197,1],[69042.6,21725,1],[69042.5,3838,1],[69042.4,3978,1],[69042.3,4818,1]],"asks":[[69049.3,4012,1],[69049.4,4039,1],[69049.5,3575,1],[69049.6,3559,1],[69049.7,4214,1],[69049.8,100247,2],[69049.9,3598,1],[69050,10697,5],[69050.1,4473,1],[69050.2,3552,1],[69050.3,4199,1],[69050.4,3615,1],[69050.8,3412,2],[69050.9,3626,1],[69051,4463,1],[69051.1,3964,1],[69051.2,3681,1],[69051.3,4263,1],[69051.4,4291,1],[69051.5,3402,1]]},{"timestamp":1770996941259,"version":32464084650,"bids":[[69060.3,12298,4],[69060.2,8271,2],[69060.1,4113,1],[69059.7,4642,1],[69059.5,4641,1],[69059.3,4322,1],[69059.1,4823,1],[69058.9,3676,1],[69058.7,4181,1],[69058.6,21720,1],[69058.5,3629,1],[69058.4,1376,1],[69058.3,4786,1],[69058.1,3835,1],[69058,2393,1],[69057.9,6993,2],[69057.8,2863,1],[69057.7,2430,1],[69057.6,2253,1],[69057.5,2928,1]],"asks":[[69060.4,4074,1],[69060.6,3,1],[69061.3,1,1],[69063.2,13277,3],[69063.3,7028,2],[69063.4,3926,1],[69063.7,4493,1],[69063.8,3577,1],[69063.9,4268,1],[69064,100625,2],[69064.1,4221,1],[69064.2,3730,1],[69064.3,3931,1],[69064.4,4375,2],[69064.5,3819,1],[69064.6,3878,1],[69064.7,4102,1],[69064.8,3994,1],[69064.9,3977,1],[69065,3921,1]]},{"timestamp":1770996943638,"version":32464088820,"bids":[[69089.9,8008,2],[69089.3,1376,1],[69087.5,4230,1],[69087.4,1376,1],[69086.9,8008,3],[69086.7,8404,2],[69086.5,4078,1],[69086,1376,1],[69085.7,4753,1],[69085.5,4562,1],[69085.3,4672,1],[69085.2,4,1],[69085.1,3679,1],[69084.9,4754,1],[69084.7,4422,1],[69084.5,4356,1],[69084.3,4009,1],[69084.2,4399,1],[69084.1,3858,1],[69083.9,4816,1]],"asks":[[69090,8762,2],[69090.1,8387,2],[69090.2,7939,3],[69090.3,3507,2],[69090.4,4338,1],[69090.5,3872,2],[69090.6,3362,1],[69090.7,3501,1],[69090.8,100608,2],[69090.9,3918,1],[69091,4236,2],[69091.1,4273,1],[69091.2,3413,1],[69091.3,3636,1],[69091.4,3770,1],[69091.5,4140,1],[69091.6,4367,1],[69091.7,4295,1],[69091.8,3652,1],[69092,1,1]]},{"timestamp":1770996945691,"version":32464095275,"bids":[[69107.8,2531,1],[69107.7,3782,1],[69107.6,3993,1],[69106.9,96281,1],[69105.5,3744,1],[69105.4,3334,1],[69105.3,3703,1],[69105.2,4472,1],[69105.1,3963,1],[69105,8382,2],[69104.9,4299,1],[69104.8,4631,1],[69104.6,4738,1],[69102.7,3801,1],[69102.5,4760,1],[69102.3,4719,1],[69102.1,4495,1],[69101.9,4293,1],[69101.5,21707,1],[69100.9,5184,2]],"asks":[[69107.9,24087,7],[69108,11898,3],[69108.1,3993,1],[69108.2,4082,1],[69108.3,4344,1],[69108.4,4367,1],[69108.5,4172,1],[69108.6,3791,1],[69108.7,100099,2],[69108.8,3527,1],[69108.9,822,1],[69109.2,3196,2],[69109.3,4270,1],[69109.4,4018,1],[69109.5,4137,1],[69109.6,3999,1],[69109.7,3587,1],[69109.8,4066,1],[69109.9,4448,1],[69110,6982,4]]},{"timestamp":1770996947822,"version":32464099650,"bids":[[69093.3,4533,3],[69092,4543,1],[69091.8,1463,1],[69091.7,3490,1],[69091.6,2750,1],[69091.3,4235,1],[69091.2,3955,1],[69091.1,4074,1],[69091,3936,1],[69090.6,3553,1],[69090.5,8724,2],[69090.4,4012,1],[69090.3,8134,2],[69090.2,6474,2],[69090.1,8006,2],[69090,3464,1],[69089.9,4111,1],[69089.8,4258,1],[69089.7,4457,1],[69089.6,3956,1]],"asks":[[69093.4,12511,2],[69093.5,7572,2],[69093.6,8445,2],[69094,3974,1],[69094.1,3884,1],[69094.2,100498,2],[69094.3,3413,1],[69094.4,4124,1],[69094.5,4239,1],[69094.6,3357,1],[69094.7,4212,1],[69094.8,4194,1],[69094.9,3509,1],[69095,4460,1],[69095.1,3989,1],[69095.2,4423,1],[69095.3,4271,1],[69095.4,3995,1],[69095.5,4372,1],[69095.6,3416,1]]},{"timestamp":1770996950258,"version":32464108625,"bids":[[69099.3,2635,1],[69099.1,4513,1],[69098.9,4280,1],[69098.7,3604,1],[69098.5,4507,1],[69098.3,4550,1],[69098.1,4228,1],[69097.9,4165,1],[69097.7,4027,1],[69097,4816,1],[69096.8,4753,1],[69096.6,21708,1],[69096,7264,2],[69095.9,2605,1],[69095.8,6331,2],[69095.7,2584,1],[69095.6,5995,2],[69095.5,2318,1],[69095.4,2816,1],[69095.3,2639,1]],"asks":[[69099.4,8976,4],[69102.9,4101,1],[69103,13714,2],[69103.1,8133,2],[69103.2,4321,1],[69103.3,2750,1],[69103.5,3497,1],[69103.6,3499,1],[69103.7,3828,1],[69103.8,100657,2],[69103.9,4485,1],[69104,4233,1],[69104.1,3530,1],[69104.2,3322,1],[69104.3,3580,1],[69104.4,3436,1],[69104.5,4429,1],[69104.6,3712,1],[69104.7,6624,2],[69104.8,4224,1]]},{"timestamp":1770996952261,"version":32464112135,"bids":[[69088.3,3253,1],[69088.2,3803,1],[69088.1,4269,1],[69088,4160,1],[69087.9,3377,1],[69087.8,99700,2],[69087.7,3332,1],[69087.6,4071,1],[69087.5,4082,1],[69087.4,3737,1],[69087.3,3545,1],[69087.2,3451,1],[69087.1,4025,1],[69087,3480,1],[69086.9,3684,1],[69086.8,3629,1],[69086.7,4473,1],[69086.6,4492,1],[69086.5,4390,1],[69086.4,4348,1]],"asks":[[69088.4,5150,4],[69088.5,8030,2],[69088.6,15,1],[69088.8,8900,1],[69088.9,3537,1],[69089,4973,2],[69089.2,4330,1],[69089.3,3931,1],[69089.4,3457,1],[69089.5,3803,1],[69089.6,100576,2],[69089.7,4160,1],[69089.8,3377,1],[69089.9,3393,1],[69090,3332,1],[69090.1,4071,1],[69090.2,4082,1],[69090.3,3737,1],[69090.4,3545,1],[69090.5,3451,1]]},{"timestamp":1770996954391,"version":32464118950,"bids":[[69119.9,4677,1],[69119.8,3597,1],[69119.6,4726,1],[69118.9,4158,1],[69118.8,4217,1],[69118.6,26398,2],[69118.4,3776,1],[69118.3,15,1],[69118,2794,1],[69117.9,2334,1],[69117.8,2711,1],[69117.7,7218,2],[69117.6,2924,1],[69117.5,7103,2],[69117.4,2641,1],[69117.3,7421,2],[69117.2,2432,1],[69117.1,6270,2],[69117,2797,1],[69116.9,6859,2]],"asks":[[69120,1432,2],[69121.4,1375,1],[69122.5,4324,1],[69123.3,1375,1],[69124.7,1375,1],[69124.9,4158,1],[69125,10820,1],[69125.1,7589,2],[69125.2,3423,2],[69125.3,4241,1],[69125.4,3395,1],[69125.5,4095,1],[69125.6,3557,1],[69125.7,4197,1],[69125.8,99757,2],[69125.9,3473,1],[69126,4096,1],[69126.1,4002,1],[69126.2,3481,2],[69126.3,4270,1]]},{"timestamp":1770996956528,"version":32464121130,"bids":[[69125,3715,1],[69124.9,4405,1],[69124.8,3598,1],[69124.7,99787,2],[69124.6,4069,1],[69124.5,3818,1],[69124.4,4110,1],[69124.3,3976,1],[69124.2,4005,1],[69124.1,4489,1],[69124,4231,1],[69123.9,3492,1],[69123.8,3552,1],[69123.7,3940,1],[69123.3,3848,1],[69123.2,4083,1],[69123.1,3765,1],[69123,4402,1],[69122.9,4474,1],[69122.8,8090,2]],"asks":[[69125.7,5107,1],[69125.8,8367,2],[69125.9,9045,3],[69126,3908,1],[69126.1,3634,1],[69126.2,3638,2],[69126.3,4332,1],[69126.5,96256,1],[69126.7,4231,1],[69126.8,3492,1],[69126.9,3552,1],[69127,3940,1],[69127.1,4391,1],[69127.2,3423,2],[69127.3,4108,1],[69127.4,4292,1],[69127.5,3635,1],[69127.6,5761,2],[69127.7,4206,1],[69127.8,4245,1]]},{"timestamp":1770996958774,"version":32464123405,"bids":[[69138.4,9561,2],[69138.3,4321,1],[69138.2,3980,1],[69138.1,3552,1],[69138,4097,1],[69137.9,3811,1],[69137.8,3453,1],[69137.7,4138,1],[69137.6,4189,1],[69137.5,100192,2],[69137.4,3505,1],[69137.3,4184,1],[69137.2,3614,1],[69137.1,3576,1],[69137,3819,1],[69136.9,3493,1],[69136.8,3717,1],[69136.7,4216,1],[69136.6,3444,1],[69136.5,3559,1]],"asks":[[69138.5,8327,1],[69138.6,4321,1],[69138.7,3980,1],[69138.8,3552,1],[69138.9,4099,2],[69139,3811,1],[69139.1,3453,1],[69139.2,4139,2],[69139.3,100427,2],[69139.4,3954,1],[69139.5,3505,1],[69139.6,4184,1],[69139.7,3614,1],[69139.8,3576,1],[69139.9,3819,1],[69140,3499,3],[69140.1,3717,1],[69140.2,4216,1],[69140.3,5291,2],[69140.4,3559,1]]},{"timestamp":1770996960945,"version":32464129945,"bids":[[69130,777193,1],[69125,9194,1],[69124.9,3835,1],[69124.8,8168,2],[69124.7,3400,1],[69124.6,3693,1],[69124.5,3422,1],[69124.4,3747,1],[69124.3,3351,1],[69124.2,4257,1],[69124.1,100390,2],[69124,3805,1],[69123.9,3607,1],[69123.8,4390,1],[69123.7,3540,1],[69123.6,3792,1],[69123.5,3790,1],[69123.4,4029,1],[69123.3,3883,1],[69123.2,3975,1]],"asks":[[69130.1,16897,7],[69130.2,5716,2],[69130.3,3871,1],[69130.4,3940,1],[69130.5,4071,1],[69130.9,3704,1],[69131,4072,1],[69131.1,4677,1],[69131.2,4757,1],[69131.5,21701,1],[69131.6,3892,1],[69131.7,4650,1],[69132,8402,2],[69132.1,10903,3],[69132.2,2305,1],[69132.3,2598,1],[69132.4,2774,1],[69132.5,2716,1],[69132.6,11244,3],[69132.7,2566,1]]},{"timestamp":1770996963077,"version":32464132130,"bids":[[69138.3,14429,5],[69138.2,108570,4],[69138.1,6846,3],[69138,8207,2],[69137.9,4151,1],[69137.8,3845,1],[69137.7,4364,1],[69137.6,4359,1],[69137.5,3335,1],[69137.4,4159,1],[69137.3,4133,1],[69137.2,4778,2],[69137.1,3988,1],[69137,4463,1],[69136.9,4077,1],[69136.8,3822,1],[69136.7,4246,1],[69136.6,4421,1],[69136.5,3641,1],[69136.3,3755,1]],"asks":[[69138.4,2000,1],[69138.9,2,1],[69139.2,8684,2],[69139.3,4157,1],[69139.4,3611,1],[69139.5,4035,1],[69139.6,3816,1],[69139.7,3860,1],[69139.8,3934,1],[69139.9,3564,1],[69140,99788,4],[69140.1,4315,1],[69140.2,3418,1],[69140.3,6179,2],[69140.4,4151,1],[69140.5,3845,1],[69140.6,4364,1],[69140.7,4359,1],[69140.8,3335,1],[69140.9,4159,1]]},{"timestamp":1770996965197,"version":32464134840,"bids":[[69152.1,13567,8],[69151,1375,1],[69150.6,13979,5],[69150.4,4241,1],[69150.2,4053,1],[69150,4122,1],[69149.8,3748,1],[69149.6,3794,1],[69149.3,1375,1],[69148.9,4414,1],[69148.8,4199,1],[69148.6,4403,1],[69148.5,21692,1],[69148.4,4805,1],[69148.2,4172,1],[69148,4357,1],[69147.9,4080,2],[69147.8,2317,1],[69147.7,2285,1],[69147.4,2682,1]],"asks":[[69152.2,262,1],[69153.5,1,1],[69154.2,1,1],[69154.9,14381,2],[69155,4168,1],[69155.1,3644,1],[69155.3,3432,1],[69155.4,3784,1],[69155.5,3341,1],[69155.6,3658,1],[69155.7,100075,2],[69155.8,3767,1],[69155.9,4426,1],[69156,3947,1],[69156.1,4180,1],[69156.2,3921,1],[69156.3,3636,1],[69156.4,3664,2],[69156.5,3600,1],[69156.6,3391,1]]},{"timestamp":1770996967588,"version":32464141045,"bids":[[69133.8,14835,2],[69133.7,7622,2],[69133.6,7893,2],[69133.5,3691,1],[69133.4,4235,1],[69133.3,4391,1],[69133.2,3933,1],[69133.1,3627,1],[69133,3786,1],[69132.9,99857,2],[69132.8,3893,1],[69132.7,3535,1],[69132.6,3407,1],[69132.5,3824,1],[69132.4,3893,1],[69132,3510,1],[69131.9,4321,1],[69131.8,4102,1],[69131.7,3580,1],[69131.6,3951,1]],"asks":[[69133.9,8101,2],[69134.6,2055,2],[69134.8,5822,1],[69135.1,1375,1],[69135.4,3442,1],[69135.5,3747,1],[69135.6,4489,1],[69135.7,3498,1],[69135.8,3349,1],[69135.9,3538,1],[69136,4109,1],[69136.1,4370,1],[69136.2,4371,1],[69136.3,3717,1],[69136.4,4007,1],[69136.5,4705,2],[69136.6,8979,2],[69136.7,7822,2],[69136.8,7664,2],[69136.9,8346,2]]},{"timestamp":1770996969694,"version":32464144400,"bids":[[69148.4,10772,1],[69148.3,3345,1],[69148.2,3996,1],[69148.1,3532,1],[69148,3341,1],[69147.9,3951,1],[69147.8,4273,1],[69147.7,3621,1],[69147.6,3740,1],[69147.5,100466,2],[69147.4,9565,4],[69147.1,4837,2],[69147,3405,1],[69146.9,3779,1],[69146.8,3397,1],[69146.7,4126,1],[69146.6,4344,1],[69146.5,3671,1],[69146.4,3729,1],[69145.7,4715,2]],"asks":[[69148.5,14968,2],[69148.6,6711,2],[69148.7,7350,2],[69149.1,3976,1],[69149.2,3417,1],[69149.3,99772,2],[69149.4,4208,1],[69149.5,4072,1],[69149.6,4345,1],[69149.7,3908,1],[69149.8,3789,1],[69149.9,4002,1],[69150,4124,2],[69150.1,3885,1],[69150.2,4385,1],[69150.3,4381,1],[69150.4,3676,1],[69150.5,3905,1],[69150.6,4194,1],[69150.7,3829,1]]},{"timestamp":1770996971856,"version":32464147770,"bids":[[69157.3,6282,1],[69157.2,3697,1],[69157.1,4088,1],[69157,4413,1],[69156.9,4474,1],[69156.8,4233,1],[69156.7,3641,1],[69156.6,3942,1],[69156.5,3393,1],[69156.4,100071,2],[69156.3,4170,1],[69156.2,3510,1],[69156.1,4123,1],[69156,3467,1],[69155.9,3520,1],[69155.8,4344,1],[69155.7,4223,1],[69155.6,3781,1],[69155.5,3696,1],[69155.4,3354,1]],"asks":[[69157.4,10370,1],[69157.5,7934,2],[69157.6,4088,1],[69157.7,4413,1],[69157.8,4474,1],[69157.9,4233,1],[69158,3641,1],[69158.1,3942,1],[69158.2,99605,2],[69158.3,3859,1],[69158.4,4170,1],[69158.5,3510,1],[69158.6,4123,1],[69158.7,3467,1],[69158.8,3520,1],[69158.9,4344,1],[69159,4223,1],[69159.1,3781,1],[69159.2,3696,1],[69159.3,3354,1]]},{"timestamp":1770996973962,"version":32464153945,"bids":[[69139.1,1375,1],[69138.8,61,1],[69138.6,4986,2],[69138.5,3625,1],[69138.4,7641,2],[69138.3,3366,1],[69138.2,7913,2],[69138.1,4112,1],[69138,8553,2],[69137.9,3549,1],[69137.8,9166,2],[69137.7,4778,2],[69137.6,7179,2],[69137.4,4514,1],[69137.2,4484,1],[69137,4770,1],[69136.3,5514,2],[69136,4192,1],[69135.8,4855,1],[69135.6,4490,1]],"asks":[[69141.1,3766,1],[69141.2,8139,2],[69141.3,8326,2],[69141.4,4079,1],[69141.5,3871,1],[69141.6,3888,1],[69141.7,3844,1],[69141.9,96235,1],[69142.1,3454,1],[69142.2,3613,1],[69142.3,4262,1],[69142.4,3827,1],[69142.5,4328,1],[69142.6,4246,1],[69142.7,3849,1],[69142.8,4443,1],[69142.9,4123,1],[69143,4022,1],[69143.1,4481,1],[69143.2,3452,1]]},{"timestamp":1770996975833,"version":32464158690,"bids":[[69147.5,10730,3],[69147.4,8248,2],[69147.3,3714,1],[69147.2,4137,1],[69147.1,3408,1],[69147,3508,1],[69146.9,3595,1],[69146.8,3432,1],[69146.7,100388,2],[69146.6,3706,1],[69146.5,4304,1],[69146.4,3497,1],[69146.3,4205,1],[69146.2,3859,1],[69146.1,4300,1],[69146,4140,1],[69145.9,3729,1],[69145.8,3487,1],[69145.7,3845,1],[69145.6,4275,1]],"asks":[[69147.6,7145,2],[69147.7,14160,2],[69147.8,3440,1],[69147.9,5202,2],[69148.2,4476,1],[69148.3,3850,1],[69148.4,3767,1],[69148.5,96225,1],[69148.8,4077,1],[69148.9,4117,1],[69149,3560,1],[69149.1,3357,1],[69149.2,3572,1],[69149.3,4838,2],[69149.4,4217,1],[69149.5,3764,1],[69149.6,3714,1],[69149.7,4137,1],[69149.8,3408,1],[69149.9,3508,1]]},{"timestamp":1770996978313,"version":32464162755,"bids":[[69147.6,18285,6],[69147.5,8977,2],[69147.4,3512,1],[69147.3,3817,1],[69147.2,4265,1],[69147.1,3597,1],[69147,4016,1],[69146.9,3697,1],[69146.8,3558,1],[69146.7,100082,2],[69146.6,3721,1],[69146.5,4178,1],[69146.4,3778,1],[69146.3,4090,1],[69146.2,4318,1],[69146.1,4433,1],[69146,3753,1],[69145.9,3664,1],[69145.8,3577,1],[69145.7,4381,1]],"asks":[[69147.7,12501,2],[69147.8,8859,2],[69147.9,7227,2],[69148,3328,1],[69148.1,4484,1],[69148.2,3615,1],[69148.5,96225,1],[69148.6,3857,1],[69148.7,3721,1],[69148.8,4178,1],[69148.9,3778,1],[69149,4090,1],[69149.1,4318,1],[69149.2,4433,1],[69149.3,3753,1],[69149.4,3664,1],[69149.5,4952,2],[69149.6,4381,1],[69149.7,4030,1],[69149.8,3653,1]]},{"timestamp":1770996980512,"version":32464166540,"bids":[[69143.5,14407,2],[69143.4,8066,2],[69143.3,3936,1],[69142.8,3430,1],[69142.7,3412,1],[69142.6,100185,2],[69142.5,4383,2],[69142.4,3855,1],[69142.3,3487,1],[69140.7,8626,2],[69140.5,4267,1],[69140.3,3710,1],[69139.7,4828,1],[69139.5,4224,1],[69138.8,3759,1],[69138.6,4197,1],[69138.4,3991,1],[69138.2,4864,1],[69138,4774,1],[69137.2,21695,1]],"asks":[[69143.6,10127,1],[69143.7,4157,1],[69143.8,3936,1],[69143.9,4083,1],[69144,3794,1],[69144.1,3405,1],[69144.2,9362,2],[69144.3,8181,2],[69144.4,100446,2],[69144.5,3989,1],[69144.6,3510,1],[69144.7,4204,1],[69144.8,3342,1],[69144.9,3565,1],[69145.3,4180,1],[69145.4,3354,1],[69145.5,5633,2],[69145.6,3669,1],[69145.7,4106,1],[69145.8,4465,1]]},{"timestamp":1770996982748,"version":32464173775,"bids":[[69120,7,3],[69118.6,9626,1],[69118.5,3503,1],[69118.4,3584,1],[69118.3,4498,2],[69118.2,4308,1],[69118.1,3838,1],[69118,3909,1],[69117.9,4258,1],[69117.8,4037,1],[69117.7,100232,2],[69117.6,4032,1],[69117.5,4232,1],[69117.4,3648,1],[69117.3,4378,1],[69117.2,3502,1],[69117.1,4489,1],[69117,3767,1],[69116.9,4377,1],[69116.8,3431,1]],"asks":[[69122.5,1375,1],[69123.9,1375,1],[69125.5,2155,1],[69125.6,2743,1],[69125.7,2516,1],[69125.8,2762,1],[69125.9,2901,1],[69126,2974,1],[69126.1,2321,1],[69126.2,2546,1],[69126.3,3835,2],[69126.4,2802,1],[69126.5,2973,1],[69126.6,2373,1],[69126.7,2593,1],[69126.8,2432,1],[69126.9,2749,1],[69127,2426,1],[69127.1,2643,1],[69127.2,2837,1]]},{"timestamp":1770996984721,"version":32464177885,"bids":[[69140,6977,2],[69139.9,10597,3],[69139.8,3412,1],[69139.7,3865,1],[69139.3,4336,1],[69139.2,3484,1],[69139.1,100388,2],[69139,4356,1],[69138.9,4924,2],[69138.8,3711,1],[69138.7,3496,1],[69138.6,3841,1],[69138.5,4348,1],[69138.4,3650,1],[69138.3,4021,1],[69138.2,4043,1],[69138.1,3676,1],[69138,3410,1],[69137.9,3631,1],[69137.8,4059,1]],"asks":[[69140.1,8436,1],[69140.2,8277,2],[69140.3,7768,2],[69140.4,13916,2],[69140.5,7368,2],[69140.6,7429,2],[69140.7,3841,1],[69140.8,4348,1],[69140.9,99886,2],[69141,4021,1],[69141.1,4043,1],[69141.2,99912,2],[69141.3,3410,1],[69141.4,3631,1],[69141.5,4059,1],[69141.6,3434,1],[69141.7,4160,1],[69141.8,3648,1],[69141.9,3655,1],[69142,3642,1]]},{"timestamp":1770996986916,"version":32464183220,"bids":[[69107.1,33455,1],[69104.1,8,1],[69100.1,12110,2],[69100,24660,7],[69099.9,4304,1],[69099.8,3384,1],[69099.7,4152,1],[69099.6,4322,1],[69099.5,4085,1],[69099.4,3358,1],[69099.3,4322,1],[69099.2,99743,2],[69099.1,3610,1],[69099,3478,1],[69098.9,3487,1],[69098.8,3832,1],[69098.7,4259,1],[69098.6,3364,1],[69098.5,4319,2],[69098.4,3675,1]],"asks":[[69107.2,13562,7],[69107.3,14963,4],[69107.4,9459,4],[69107.5,6053,2],[69107.6,2266,1],[69107.7,3594,2],[69107.8,2698,1],[69107.9,2293,1],[69108,2697,1],[69108.1,2557,1],[69108.2,2770,1],[69108.3,2224,1],[69108.4,2552,1],[69108.5,2407,1],[69108.6,2349,1],[69108.7,2631,1],[69108.8,2399,1],[69108.9,2575,1],[69109,2880,1],[69109.1,3978,2]]},{"timestamp":1770996989261,"version":32464187470,"bids":[[69106.1,16058,4],[69106,4398,1],[69105.9,3607,1],[69105.8,4239,1],[69105.7,4132,1],[69105.6,3802,1],[69105.5,4327,1],[69105.4,3377,1],[69105.3,12174,3],[69105.2,99731,2],[69105.1,4075,1],[69105,4296,1],[69104.9,4241,1],[69104.8,3878,1],[69104.7,3650,1],[69104.6,5536,2],[69104.4,4256,1],[69104.2,3964,1],[69104.1,3702,1],[69103.8,3360,1]],"asks":[[69108.3,13226,2],[69108.4,7729,2],[69108.5,7669,2],[69108.6,3856,1],[69108.7,3555,1],[69108.8,3824,1],[69109.1,96280,1],[69109.2,3710,1],[69109.3,4108,1],[69109.4,3850,1],[69109.5,4082,1],[69109.6,4352,1],[69109.7,3785,1],[69109.8,3789,1],[69109.9,4240,1],[69110,3961,1],[69110.1,3418,1],[69110.2,4177,1],[69110.3,4288,1],[69110.4,3915,1]]},{"timestamp":1770996991358,"version":32464197140,"bids":[[69078.2,13319,3],[69078.1,11888,3],[69078,8349,2],[69077.9,8335,2],[69077.8,8282,2],[69077.7,12303,3],[69077.6,4296,1],[69077.5,14093,4],[69077.4,8470,2],[69077.3,96322,1],[69077.1,3383,1],[69077,3693,1],[69076.9,3591,1],[69076.8,3394,1],[69076.7,8713,2],[69076.6,3725,1],[69076.5,4115,1],[69076.4,3333,1],[69076.3,7684,2],[69076.2,4018,1]],"asks":[[69078.3,12544,2],[69078.4,7650,2],[69078.5,7761,2],[69078.6,3777,1],[69079,4273,1],[69079.1,99963,2],[69079.2,3598,1],[69079.3,3674,1],[69079.4,4434,1],[69079.5,3550,1],[69079.6,3814,1],[69079.7,4401,1],[69079.8,3977,1],[69079.9,3583,1],[69080,3397,1],[69080.1,3725,1],[69080.2,3801,1],[69080.3,4430,1],[69080.4,3418,1],[69080.5,3595,1]]},{"timestamp":1770996993645,"version":32464198645,"bids":[[69083,11767,2],[69082.9,4115,1],[69082.8,4241,1],[69082.1,96315,1],[69081.6,1375,1],[69081.2,822,1],[69080.2,4749,1],[69080.1,3756,1],[69080,8405,2],[69079.9,4447,1],[69079.8,7850,2],[69079.7,4255,1],[69079.6,4289,1],[69079.5,7482,2],[69079.4,4413,1],[69079.3,4288,1],[69079.1,5357,2],[69078.9,3761,1],[69078.7,4437,1],[69077.7,1375,1]],"asks":[[69083.1,15020,2],[69083.2,8512,2],[69083.3,7863,2],[69083.4,4273,1],[69083.5,3457,1],[69083.6,3959,1],[69083.7,4490,1],[69083.9,96315,1],[69084.1,4236,1],[69084.2,3444,1],[69084.3,3762,1],[69084.4,4152,1],[69084.5,4008,1],[69084.6,3874,1],[69084.7,3423,1],[69084.8,3552,1],[69084.9,4096,1],[69085,4434,1],[69085.1,3762,1],[69085.2,3962,1]]}]}},"trades":[{"p":68999.7,"v":90,"T":1,"O":1,"M":2,"t":1770996872446,"i":"13371379475"},{"p":68999.7,"v":2176,"T":1,"O":1,"M":2,"t":1770996872446,"i":"13371379474"},{"p":68999.6,"v":128,"T":2,"O":3,"M":2,"t":1770996872428,"i":"13371379472"},{"p":68999.7,"v":500,"T":1,"O":3,"M":2,"t":1770996872426,"i":"13371379471"},{"p":68999.7,"v":77,"T":1,"O":3,"M":2,"t":1770996872339,"i":"13371379463"},{"p":69000.9,"v":292,"T":1,"O":3,"M":2,"t":1770996872260,"i":"13371379442"},{"p":68999.6,"v":3964,"T":2,"O":1,"M":2,"t":1770996872253,"i":"13371379439"},{"p":69000.9,"v":105,"T":1,"O":3,"M":2,"t":1770996872233,"i":"13371379432"},{"p":68992.5,"v":1692,"T":1,"O":1,"M":2,"t":1770996872177,"i":"13371379414"},{"p":68992.5,"v":1061,"T":1,"O":3,"M":2,"t":1770996872177,"i":"13371379413"},{"p":68991.8,"v":1352,"T":1,"O":3,"M":2,"t":1770996872177,"i":"13371379412"},{"p":68991.8,"v":2390,"T":1,"O":3,"M":2,"t":1770996872177,"i":"13371379411"},{"p":68991.8,"v":958,"T":1,"O":3,"M":2,"t":1770996872177,"i":"13371379410"},{"p":68991.5,"v":1643,"T":1,"O":3,"M":2,"t":1770996872177,"i":"13371379409"},{"p":68991,"v":13,"T":2,"O":1,"M":2,"t":1770996872163,"i":"13371379406"},{"p":68986.7,"v":2250,"T":1,"O":3,"M":2,"t":1770996872065,"i":"13371379381"},{"p":68986.7,"v":2224,"T":1,"O":3,"M":2,"t":1770996872065,"i":"13371379380"},{"p":68986.7,"v":458,"T":1,"O":3,"M":2,"t":1770996872065,"i":"13371379379"},{"p":68985.8,"v":1643,"T":1,"O":3,"M":2,"t":1770996872065,"i":"13371379378"},{"p":68985.8,"v":822,"T":1,"O":3,"M":2,"t":1770996872065,"i":"13371379377"},{"p":68985.8,"v":147,"T":1,"O":3,"M":2,"t":1770996871999,"i":"13371379363"},{"p":68985.7,"v":7244,"T":2,"O":1,"M":2,"t":1770996871999,"i":"13371379362"},{"p":68985.7,"v":36,"T":2,"O":1,"M":2,"t":1770996871912,"i":"13371379339"},{"p":68986.7,"v":28,"T":1,"O":1,"M":2,"t":1770996871904,"i":"13371379336"},{"p":68985.7,"v":1326,"T":2,"O":3,"M":2,"t":1770996871894,"i":"13371379334"},{"p":68985.7,"v":3836,"T":2,"O":3,"M":2,"t":1770996871894,"i":"13371379333"},{"p":68986.6,"v":1,"T":2,"O":3,"M":2,"t":1770996871894,"i":"13371379332"},{"p":68989.9,"v":246,"T":2,"O":1,"M":2,"t":1770996871767,"i":"13371379307"},{"p":68989.9,"v":144,"T":2,"O":3,"M":2,"t":1770996871747,"i":"13371379306"},{"p":68990,"v":32,"T":1,"O":1,"M":2,"t":1770996871736,"i":"13371379305"},{"p":68989.9,"v":33,"T":2,"O":1,"M":2,"t":1770996871706,"i":"13371379301"},{"p":68989.9,"v":402,"T":2,"O":1,"M":2,"t":1770996871643,"i":"13371379289"},{"p":68989.9,"v":155,"T":2,"O":3,"M":2,"t":1770996871570,"i":"13371379265"},{"p":68990,"v":210,"T":2,"O":2,"M":2,"t":1770996871570,"i":"13371379264"},{"p":68990.1,"v":70,"T":1,"O":3,"M":2,"t":1770996871525,"i":"13371379253"},{"p":68990.1,"v":62,"T":1,"O":2,"M":2,"t":1770996871450,"i":"13371379249"},{"p":68990,"v":8309,"T":2,"O":3,"M":2,"t":1770996871438,"i":"13371379238"},{"p":68990,"v":9,"T":2,"O":2,"M":2,"t":1770996871345,"i":"13371379224"},{"p":68990,"v":144,"T":2,"O":2,"M":2,"t":1770996871186,"i":"13371379168"},{"p":68990,"v":60,"T":2,"O":2,"M":2,"t":1770996871172,"i":"13371379159"},{"p":68990.1,"v":6067,"T":1,"O":3,"M":2,"t":1770996871164,"i":"13371379157"},{"p":68990.1,"v":219,"T":1,"O":2,"M":2,"t":1770996871160,"i":"13371379156"},{"p":68990.1,"v":5,"T":1,"O":3,"M":2,"t":1770996871098,"i":"13371379137"},{"p":68995.7,"v":96,"T":2,"O":3,"M":2,"t":1770996870943,"i":"13371379126"},{"p":68995.8,"v":14,"T":1,"O":3,"M":2,"t":1770996870938,"i":"13371379125"},{"p":68995.7,"v":434,"T":2,"O":2,"M":2,"t":1770996870899,"i":"13371379119"},{"p":69001.6,"v":96,"T":2,"O":3,"M":2,"t":1770996870845,"i":"13371379111"},{"p":69002.3,"v":274,"T":1,"O":1,"M":2,"t":1770996870842,"i":"13371379110"},{"p":69004.7,"v":500,"T":1,"O":3,"M":2,"t":1770996870770,"i":"13371379107"},{"p":68997.4,"v":129,"T":2,"O":1,"M":2,"t":1770996870760,"i":"13371379106"},{"p":68997.5,"v":523,"T":2,"O":3,"M":2,"t":1770996870760,"i":"13371379105"},{"p":68996.8,"v":2191,"T":1,"O":3,"M":2,"t":1770996870756,"i":"13371379104"},{"p":68996.8,"v":2776,"T":1,"O":3,"M":2,"t":1770996870756,"i":"13371379103"},{"p":68996.8,"v":2221,"T":1,"O":3,"M":2,"t":1770996870756,"i":"13371379102"},{"p":68990.3,"v":1,"T":1,"O":1,"M":2,"t":1770996870695,"i":"13371379077"},{"p":68990.1,"v":28,"T":2,"O":3,"M":2,"t":1770996870689,"i":"13371379076"},{"p":68989.9,"v":145,"T":2,"O":3,"M":2,"t":1770996870645,"i":"13371379069"},{"p":68990.2,"v":5279,"T":1,"O":2,"M":2,"t":1770996870644,"i":"13371379068"},{"p":68989.9,"v":148,"T":2,"O":3,"M":2,"t":1770996870644,"i":"13371379067"},{"p":68989.9,"v":735,"T":2,"O":3,"M":2,"t":1770996870640,"i":"13371379066"},{"p":68989.9,"v":642,"T":2,"O":3,"M":2,"t":1770996870640,"i":"13371379065"},{"p":68989.9,"v":2383,"T":2,"O":3,"M":2,"t":1770996870640,"i":"13371379064"},{"p":68989.9,"v":284,"T":2,"O":3,"M":2,"t":1770996870620,"i":"13371379063"},{"p":68989.9,"v":725,"T":2,"O":3,"M":2,"t":1770996870620,"i":"13371379062"},{"p":68989.9,"v":514,"T":2,"O":3,"M":2,"t":1770996870618,"i":"13371379061"},{"p":68990,"v":839,"T":2,"O":3,"M":2,"t":1770996870618,"i":"13371379060"},{"p":68990,"v":5108,"T":2,"O":3,"M":2,"t":1770996870612,"i":"13371379059"},{"p":68990,"v":39,"T":2,"O":3,"M":2,"t":1770996870604,"i":"13371379057"},{"p":68990,"v":3664,"T":2,"O":3,"M":2,"t":1770996870603,"i":"13371379056"},{"p":68990,"v":3441,"T":2,"O":3,"M":2,"t":1770996870603,"i":"13371379055"},{"p":68990,"v":288,"T":2,"O":3,"M":2,"t":1770996870599,"i":"13371379054"},{"p":68990,"v":500,"T":2,"O":3,"M":2,"t":1770996870599,"i":"13371379053"},{"p":68990,"v":84,"T":2,"O":3,"M":2,"t":1770996870599,"i":"13371379052"},{"p":68990,"v":45,"T":2,"O":3,"M":2,"t":1770996870599,"i":"13371379051"},{"p":68990.4,"v":8,"T":2,"O":2,"M":2,"t":1770996870599,"i":"13371379050"},{"p":68996.9,"v":83,"T":1,"O":2,"M":2,"t":1770996870593,"i":"13371379049"},{"p":68990.4,"v":5,"T":2,"O":2,"M":2,"t":1770996870588,"i":"13371379048"},{"p":68993,"v":6,"T":2,"O":3,"M":2,"t":1770996870587,"i":"13371379047"},{"p":68993.1,"v":8,"T":2,"O":2,"M":2,"t":1770996870587,"i":"13371379046"},{"p":68993.6,"v":1,"T":2,"O":3,"M":2,"t":1770996870587,"i":"13371379045"},{"p":68994,"v":3,"T":2,"O":3,"M":2,"t":1770996870587,"i":"13371379044"},{"p":68996.4,"v":1,"T":2,"O":3,"M":2,"t":1770996870587,"i":"13371379043"},{"p":68997.5,"v":8,"T":2,"O":3,"M":2,"t":1770996870587,"i":"13371379042"},{"p":68997.6,"v":1,"T":2,"O":3,"M":2,"t":1770996870587,"i":"13371379041"},{"p":68998,"v":1,"T":2,"O":2,"M":2,"t":1770996870587,"i":"13371379040"},{"p":68999.3,"v":1,"T":2,"O":3,"M":2,"t":1770996870567,"i":"13371379029"},{"p":68999.5,"v":21,"T":2,"O":3,"M":2,"t":1770996870567,"i":"13371379028"},{"p":68999.5,"v":3,"T":2,"O":2,"M":2,"t":1770996870567,"i":"13371379027"},{"p":68999.6,"v":1,"T":2,"O":2,"M":2,"t":1770996870567,"i":"13371379026"},{"p":69000,"v":187,"T":2,"O":3,"M":2,"t":1770996870567,"i":"13371379025"},{"p":69000,"v":984,"T":2,"O":3,"M":2,"t":1770996870567,"i":"13371379024"},{"p":69000,"v":2879,"T":2,"O":3,"M":2,"t":1770996870567,"i":"13371379023"},{"p":69000,"v":602,"T":2,"O":3,"M":2,"t":1770996870567,"i":"13371379022"},{"p":69000,"v":338,"T":2,"O":3,"M":2,"t":1770996870567,"i":"13371379021"},{"p":69000,"v":1000,"T":2,"O":2,"M":2,"t":1770996870567,"i":"13371379020"},{"p":69000,"v":2,"T":2,"O":3,"M":2,"t":1770996870567,"i":"13371379019"},{"p":69000,"v":2,"T":2,"O":2,"M":2,"t":1770996870567,"i":"13371379018"},{"p":69000,"v":18,"T":2,"O":2,"M":2,"t":1770996870567,"i":"13371379017"},{"p":69000,"v":1,"T":2,"O":3,"M":2,"t":1770996870567,"i":"13371379016"},{"p":69000,"v":233,"T":2,"O":3,"M":2,"t":1770996870567,"i":"13371379015"}],"klines":{"1m":[{"ts":"2026-02-13T11:35:00Z","o":66818.8,"h":66867.3,"l":66791.0,"c":66863.0,"v":258612.0},{"ts":"2026-02-13T11:36:00Z","o":66863.0,"h":66875.4,"l":66835.2,"c":66838.9,"v":161172.0},{"ts":"2026-02-13T11:37:00Z","o":66838.9,"h":66880.0,"l":66834.9,"c":66839.9,"v":107842.0},{"ts":"2026-02-13T11:38:00Z","o":66839.9,"h":66969.6,"l":66839.9,"c":66938.4,"v":395812.0},{"ts":"2026-02-13T11:39:00Z","o":66938.4,"h":66938.4,"l":66883.6,"c":66914.7,"v":188058.0},{"ts":"2026-02-13T11:40:00Z","o":66914.7,"h":66924.0,"l":66898.4,"c":66910.2,"v":120738.0},{"ts":"2026-02-13T11:41:00Z","o":66910.2,"h":66944.0,"l":66898.3,"c":66940.7,"v":132580.0},{"ts":"2026-02-13T11:42:00Z","o":66940.7,"h":66993.5,"l":66940.7,"c":66961.9,"v":492992.0},{"ts":"2026-02-13T11:43:00Z","o":66961.9,"h":66978.4,"l":66944.2,"c":66960.0,"v":157454.0},{"ts":"2026-02-13T11:44:00Z","o":66960.0,"h":66964.3,"l":66916.7,"c":66962.0,"v":194533.0},{"ts":"2026-02-13T11:45:00Z","o":66962.0,"h":66971.7,"l":66931.3,"c":66943.4,"v":144323.0},{"ts":"2026-02-13T11:46:00Z","o":66943.4,"h":67014.7,"l":66930.3,"c":66982.9,"v":403077.0},{"ts":"2026-02-13T11:47:00Z","o":66982.9,"h":67008.0,"l":66966.3,"c":66994.5,"v":395455.0},{"ts":"2026-02-13T11:48:00Z","o":66994.5,"h":67005.3,"l":66956.8,"c":66956.8,"v":237767.0},{"ts":"2026-02-13T11:49:00Z","o":66956.8,"h":66983.9,"l":66934.9,"c":66976.7,"v":301999.0},{"ts":"2026-02-13T11:50:00Z","o":66976.7,"h":66999.2,"l":66971.1,"c":66992.9,"v":121950.0},{"ts":"2026-02-13T11:51:00Z","o":66992.9,"h":67002.5,"l":66970.1,"c":66979.9,"v":106723.0},{"ts":"2026-02-13T11:52:00Z","o":66979.9,"h":67015.0,"l":66968.5,"c":66989.6,"v":178471.0},{"ts":"2026-02-13T11:53:00Z","o":66989.6,"h":67034.2,"l":66984.6,"c":67031.2,"v":190353.0},{"ts":"2026-02-13T11:54:00Z","o":67031.2,"h":67034.1,"l":66992.3,"c":67024.6,"v":188856.0},{"ts":"2026-02-13T11:55:00Z","o":67024.6,"h":67167.7,"l":67004.4,"c":67115.6,"v":1376288.0},{"ts":"2026-02-13T11:56:00Z","o":67115.6,"h":67168.6,"l":67112.9,"c":67160.0,"v":525902.0},{"ts":"2026-02-13T11:57:00Z","o":67160.0,"h":67195.4,"l":67128.0,"c":67138.5,"v":657697.0},{"ts":"2026-02-13T11:58:00Z","o":67138.5,"h":67176.0,"l":67131.3,"c":67160.8,"v":268048.0},{"ts":"2026-02-13T11:59:00Z","o":67160.8,"h":67160.8,"l":67124.1,"c":67137.4,"v":226926.0},{"ts":"2026-02-13T12:00:00Z","o":67137.4,"h":67143.2,"l":67081.9,"c":67128.8,"v":444319.0},{"ts":"2026-02-13T12:01:00Z","o":67128.8,"h":67128.9,"l":67075.4,"c":67087.2,"v":224059.0},{"ts":"2026-02-13T12:02:00Z","o":67087.2,"h":67130.8,"l":67054.9,"c":67081.2,"v":330737.0},{"ts":"2026-02-13T12:03:00Z","o":67081.2,"h":67081.2,"l":66978.4,"c":67004.9,"v":827271.0},{"ts":"2026-02-13T12:04:00Z","o":67004.9,"h":67005.0,"l":66974.6,"c":66987.3,"v":325108.0},{"ts":"2026-02-13T12:05:00Z","o":66987.3,"h":67000.0,"l":66912.0,"c":66941.1,"v":514431.0},{"ts":"2026-02-13T12:06:00Z","o":66941.1,"h":66966.6,"l":66923.9,"c":66950.0,"v":344234.0},{"ts":"2026-02-13T12:07:00Z","o":66950.0,"h":66956.8,"l":66923.8,"c":66948.7,"v":233106.0},{"ts":"2026-02-13T12:08:00Z","o":66948.7,"h":67008.0,"l":66933.9,"c":66979.0,"v":320016.0},{"ts":"2026-02-13T12:09:00Z","o":66979.0,"h":67022.6,"l":66970.2,"c":67004.1,"v":400087.0},{"ts":"2026-02-13T12:10:00Z","o":67004.1,"h":67007.0,"l":66980.9,"c":67006.9,"v":131856.0},{"ts":"2026-02-13T12:11:00Z","o":67006.9,"h":67012.0,"l":66961.0,"c":66961.2,"v":179473.0},{"ts":"2026-02-13T12:12:00Z","o":66961.2,"h":67055.9,"l":66961.2,"c":67043.8,"v":206579.0},{"ts":"2026-02-13T12:13:00Z","o":67043.8,"h":67049.0,"l":66978.3,"c":66990.8,"v":369604.0},{"ts":"2026-02-13T12:14:00Z","o":66990.8,"h":67004.0,"l":66944.7,"c":66951.7,"v":276511.0},{"ts":"2026-02-13T12:15:00Z","o":66951.7,"h":66958.1,"l":66930.0,"c":66930.0,"v":218943.0},{"ts":"2026-02-13T12:16:00Z","o":66930.0,"h":66933.9,"l":66891.6,"c":66891.7,"v":450450.0},{"ts":"2026-02-13T12:17:00Z","o":66891.7,"h":66925.1,"l":66887.0,"c":66915.3,"v":247253.0},{"ts":"2026-02-13T12:18:00Z","o":66915.3,"h":66984.7,"l":66915.3,"c":66984.0,"v":295277.0},{"ts":"2026-02-13T12:19:00Z","o":66984.0,"h":67009.5,"l":66970.4,"c":66973.2,"v":241693.0},{"ts":"2026-02-13T12:20:00Z","o":66973.2,"h":67035.9,"l":66961.2,"c":67018.5,"v":272690.0},{"ts":"2026-02-13T12:21:00Z","o":67018.5,"h":67037.1,"l":67011.1,"c":67037.1,"v":268556.0},{"ts":"2026-02-13T12:22:00Z","o":67037.1,"h":67040.0,"l":66991.7,"c":66996.5,"v":457674.0},{"ts":"2026-02-13T12:23:00Z","o":66996.5,"h":66997.7,"l":66959.9,"c":66995.0,"v":171805.0},{"ts":"2026-02-13T12:24:00Z","o":66995.0,"h":66997.9,"l":66977.5,"c":66977.5,"v":98307.0},{"ts":"2026-02-13T12:25:00Z","o":66977.5,"h":67062.6,"l":66966.0,"c":67059.8,"v":244763.0},{"ts":"2026-02-13T12:26:00Z","o":67059.8,"h":67084.7,"l":67021.8,"c":67022.0,"v":266937.0},{"ts":"2026-02-13T12:27:00Z","o":67022.0,"h":67091.2,"l":67019.0,"c":67071.3,"v":247634.0},{"ts":"2026-02-13T12:28:00Z","o":67071.3,"h":67083.1,"l":67044.7,"c":67061.0,"v":134767.0},{"ts":"2026-02-13T12:29:00Z","o":67061.0,"h":67088.7,"l":67054.3,"c":67060.1,"v":163238.0},{"ts":"2026-02-13T12:30:00Z","o":67060.1,"h":67067.3,"l":67023.7,"c":67024.9,"v":118193.0},{"ts":"2026-02-13T12:31:00Z","o":67024.9,"h":67073.0,"l":67024.9,"c":67071.8,"v":112699.0},{"ts":"2026-02-13T12:32:00Z","o":67071.8,"h":67071.9,"l":67019.0,"c":67045.9,"v":83071.0},{"ts":"2026-02-13T12:33:00Z","o":67045.9,"h":67074.8,"l":67039.5,"c":67039.5,"v":293929.0},{"ts":"2026-02-13T12:34:00Z","o":67039.5,"h":67046.2,"l":67012.2,"c":67023.1,"v":200094.0},{"ts":"2026-02-13T12:35:00Z","o":67023.1,"h":67049.3,"l":67001.3,"c":67046.0,"v":137809.0},{"ts":"2026-02-13T12:36:00Z","o":67046.0,"h":67046.0,"l":67010.6,"c":67036.0,"v":94931.0},{"ts":"2026-02-13T12:37:00Z","o":67036.0,"h":67100.3,"l":67036.0,"c":67091.8,"v":340461.0},{"ts":"2026-02-13T12:38:00Z","o":67091.8,"h":67103.1,"l":67082.5,"c":67096.2,"v":163285.0},{"ts":"2026-02-13T12:39:00Z","o":67096.2,"h":67096.3,"l":67038.6,"c":67041.0,"v":376414.0},{"ts":"2026-02-13T12:40:00Z","o":67041.0,"h":67082.2,"l":67041.0,"c":67058.9,"v":154187.0},{"ts":"2026-02-13T12:41:00Z","o":67058.9,"h":67083.1,"l":67048.0,"c":67076.7,"v":116843.0},{"ts":"2026-02-13T12:42:00Z","o":67076.7,"h":67097.9,"l":67027.0,"c":67046.4,"v":218927.0},{"ts":"2026-02-13T12:43:00Z","o":67046.4,"h":67058.3,"l":67025.2,"c":67055.0,"v":135725.0},{"ts":"2026-02-13T12:44:00Z","o":67055.0,"h":67072.8,"l":67050.3,"c":67057.3,"v":112504.0},{"ts":"2026-02-13T12:45:00Z","o":67057.3,"h":67078.5,"l":67052.7,"c":67068.0,"v":125997.0},{"ts":"2026-02-13T12:46:00Z","o":67068.0,"h":67072.5,"l":67043.3,"c":67052.2,"v":216754.0},{"ts":"2026-02-13T12:47:00Z","o":67052.2,"h":67057.5,"l":67019.4,"c":67026.1,"v":239687.0},{"ts":"2026-02-13T12:48:00Z","o":67026.1,"h":67026.2,"l":66989.4,"c":67000.2,"v":405639.0},{"ts":"2026-02-13T12:49:00Z","o":67000.2,"h":67073.4,"l":66972.1,"c":67073.4,"v":905635.0},{"ts":"2026-02-13T12:50:00Z","o":67073.4,"h":67089.0,"l":67043.2,"c":67043.3,"v":209487.0},{"ts":"2026-02-13T12:51:00Z","o":67043.3,"h":67043.3,"l":67015.4,"c":67024.4,"v":91852.0},{"ts":"2026-02-13T12:52:00Z","o":67024.4,"h":67072.0,"l":67007.3,"c":67071.9,"v":198663.0},{"ts":"2026-02-13T12:53:00Z","o":67071.9,"h":67142.2,"l":67071.7,"c":67142.1,"v":599751.0},{"ts":"2026-02-13T12:54:00Z","o":67142.1,"h":67180.0,"l":67142.1,"c":67179.9,"v":645139.0},{"ts":"2026-02-13T12:55:00Z","o":67179.9,"h":67180.9,"l":67129.6,"c":67152.8,"v":501287.0},{"ts":"2026-02-13T12:56:00Z","o":67152.8,"h":67161.0,"l":67126.6,"c":67126.8,"v":189089.0},{"ts":"2026-02-13T12:57:00Z","o":67126.8,"h":67132.6,"l":67102.8,"c":67130.0,"v":387974.0},{"ts":"2026-02-13T12:58:00Z","o":67130.0,"h":67130.0,"l":67038.3,"c":67057.1,"v":582379.0},{"ts":"2026-02-13T12:59:00Z","o":67057.1,"h":67073.8,"l":67030.0,"c":67050.0,"v":321080.0},{"ts":"2026-02-13T13:00:00Z","o":67050.0,"h":67084.9,"l":67047.9,"c":67080.6,"v":219140.0},{"ts":"2026-02-13T13:01:00Z","o":67080.6,"h":67123.1,"l":67072.0,"c":67080.0,"v":219641.0},{"ts":"2026-02-13T13:02:00Z","o":67080.0,"h":67142.5,"l":67080.0,"c":67118.7,"v":206570.0},{"ts":"2026-02-13T13:03:00Z","o":67118.7,"h":67155.4,"l":67118.7,"c":67146.1,"v":222948.0},{"ts":"2026-02-13T13:04:00Z","o":67146.1,"h":67146.1,"l":67111.4,"c":67111.6,"v":170525.0},{"ts":"2026-02-13T13:05:00Z","o":67111.6,"h":67123.2,"l":67089.6,"c":67089.6,"v":243783.0},{"ts":"2026-02-13T13:06:00Z","o":67089.6,"h":67089.6,"l":67071.0,"c":67071.0,"v":243370.0},{"ts":"2026-02-13T13:07:00Z","o":67071.0,"h":67071.1,"l":66929.3,"c":66938.9,"v":733210.0},{"ts":"2026-02-13T13:08:00Z","o":66938.9,"h":66968.7,"l":66907.9,"c":66938.0,"v":553524.0},{"ts":"2026-02-13T13:09:00Z","o":66938.0,"h":66978.7,"l":66916.5,"c":66947.3,"v":454861.0},{"ts":"2026-02-13T13:10:00Z","o":66947.3,"h":66960.2,"l":66930.4,"c":66945.2,"v":337633.0},{"ts":"2026-02-13T13:11:00Z","o":66945.2,"h":66970.9,"l":66922.5,"c":66940.4,"v":364599.0},{"ts":"2026-02-13T13:12:00Z","o":66940.4,"h":66960.8,"l":66925.6,"c":66948.0,"v":238109.0},{"ts":"2026-02-13T13:13:00Z","o":66948.0,"h":66983.0,"l":66927.6,"c":66927.6,"v":674218.0},{"ts":"2026-02-13T13:14:00Z","o":66927.6,"h":66945.5,"l":66913.3,"c":66939.6,"v":280486.0},{"ts":"2026-02-13T13:15:00Z","o":66939.6,"h":66997.9,"l":66939.6,"c":66983.6,"v":360423.0},{"ts":"2026-02-13T13:16:00Z","o":66983.6,"h":67000.1,"l":66953.5,"c":66999.8,"v":465183.0},{"ts":"2026-02-13T13:17:00Z","o":66999.8,"h":67062.5,"l":66979.1,"c":67062.5,"v":372468.0},{"ts":"2026-02-13T13:18:00Z","o":67062.5,"h":67078.2,"l":67050.3,"c":67050.3,"v":547500.0},{"ts":"2026-02-13T13:19:00Z","o":67050.3,"h":67083.0,"l":67050.3,"c":67059.9,"v":294552.0},{"ts":"2026-02-13T13:20:00Z","o":67059.9,"h":67065.6,"l":67034.3,"c":67048.6,"v":312469.0},{"ts":"2026-02-13T13:21:00Z","o":67048.6,"h":67049.7,"l":67002.4,"c":67003.7,"v":137833.0},{"ts":"2026-02-13T13:22:00Z","o":67003.7,"h":67080.0,"l":66984.2,"c":67079.1,"v":443923.0},{"ts":"2026-02-13T13:23:00Z","o":67079.1,"h":67107.7,"l":67066.6,"c":67107.7,"v":323827.0},{"ts":"2026-02-13T13:24:00Z","o":67107.7,"h":67246.2,"l":67107.6,"c":67200.0,"v":1689470.0},{"ts":"2026-02-13T13:25:00Z","o":67200.0,"h":67341.0,"l":67194.4,"c":67243.9,"v":2272662.0},{"ts":"2026-02-13T13:26:00Z","o":67243.9,"h":67294.8,"l":67234.4,"c":67284.7,"v":554798.0},{"ts":"2026-02-13T13:27:00Z","o":67284.7,"h":67287.6,"l":67240.2,"c":67243.6,"v":615926.0},{"ts":"2026-02-13T13:28:00Z","o":67243.6,"h":67299.4,"l":67243.5,"c":67279.7,"v":356548.0},{"ts":"2026-02-13T13:29:00Z","o":67279.7,"h":67382.9,"l":67248.4,"c":67304.4,"v":1065182.0},{"ts":"2026-02-13T13:30:00Z","o":67304.4,"h":67595.8,"l":67286.8,"c":67316.1,"v":6952692.0},{"ts":"2026-02-13T13:31:00Z","o":67316.1,"h":67474.2,"l":67286.3,"c":67431.2,"v":1292041.0},{"ts":"2026-02-13T13:32:00Z","o":67431.2,"h":67512.0,"l":67317.7,"c":67356.0,"v":1235589.0},{"ts":"2026-02-13T13:33:00Z","o":67356.0,"h":67498.0,"l":67328.3,"c":67498.0,"v":588298.0},{"ts":"2026-02-13T13:34:00Z","o":67498.0,"h":67531.7,"l":67425.4,"c":67479.8,"v":1615321.0},{"ts":"2026-02-13T13:35:00Z","o":67479.8,"h":67479.8,"l":67343.8,"c":67430.0,"v":1498349.0},{"ts":"2026-02-13T13:36:00Z","o":67430.0,"h":67436.5,"l":67268.4,"c":67304.2,"v":1076409.0},{"ts":"2026-02-13T13:37:00Z","o":67304.2,"h":67337.6,"l":67263.3,"c":67331.8,"v":468842.0},{"ts":"2026-02-13T13:38:00Z","o":67331.8,"h":67345.6,"l":67239.0,"c":67241.5,"v":676575.0},{"ts":"2026-02-13T13:39:00Z","o":67241.5,"h":67328.3,"l":67206.5,"c":67270.9,"v":687174.0},{"ts":"2026-02-13T13:40:00Z","o":67270.9,"h":67287.9,"l":67163.1,"c":67201.9,"v":705835.0},{"ts":"2026-02-13T13:41:00Z","o":67201.9,"h":67324.8,"l":67201.9,"c":67306.8,"v":959144.0},{"ts":"2026-02-13T13:42:00Z","o":67306.8,"h":67360.9,"l":67201.7,"c":67239.9,"v":615337.0},{"ts":"2026-02-13T13:43:00Z","o":67239.9,"h":67326.0,"l":67239.9,"c":67326.0,"v":553223.0},{"ts":"2026-02-13T13:44:00Z","o":67326.0,"h":67330.0,"l":67252.6,"c":67292.9,"v":415884.0},{"ts":"2026-02-13T13:45:00Z","o":67292.9,"h":67316.3,"l":67201.4,"c":67211.7,"v":1566745.0},{"ts":"2026-02-13T13:46:00Z","o":67211.7,"h":67241.4,"l":67110.0,"c":67172.9,"v":890947.0},{"ts":"2026-02-13T13:47:00Z","o":67172.9,"h":67176.0,"l":67111.8,"c":67136.2,"v":494266.0},{"ts":"2026-02-13T13:48:00Z","o":67136.2,"h":67159.9,"l":67079.1,"c":67109.2,"v":772687.0},{"ts":"2026-02-13T13:49:00Z","o":67109.2,"h":67263.3,"l":67105.4,"c":67250.7,"v":962514.0},{"ts":"2026-02-13T13:50:00Z","o":67250.7,"h":67324.8,"l":67228.6,"c":67266.1,"v":1747522.0},{"ts":"2026-02-13T13:51:00Z","o":67266.1,"h":67324.4,"l":67260.0,"c":67300.2,"v":437232.0},{"ts":"2026-02-13T13:52:00Z","o":67300.2,"h":67357.7,"l":67276.5,"c":67349.9,"v":465170.0},{"ts":"2026-02-13T13:53:00Z","o":67349.9,"h":67381.5,"l":67333.7,"c":67347.1,"v":563059.0},{"ts":"2026-02-13T13:54:00Z","o":67347.1,"h":67349.8,"l":67320.0,"c":67320.1,"v":397370.0},{"ts":"2026-02-13T13:55:00Z","o":67320.1,"h":67358.3,"l":67320.0,"c":67342.7,"v":199972.0},{"ts":"2026-02-13T13:56:00Z","o":67342.7,"h":67387.7,"l":67305.0,"c":67308.7,"v":575024.0},{"ts":"2026-02-13T13:57:00Z","o":67308.7,"h":67333.1,"l":67263.3,"c":67266.3,"v":513294.0},{"ts":"2026-02-13T13:58:00Z","o":67266.3,"h":67303.0,"l":67235.6,"c":67288.3,"v":420034.0},{"ts":"2026-02-13T13:59:00Z","o":67288.3,"h":67307.2,"l":67236.9,"c":67238.1,"v":223085.0},{"ts":"2026-02-13T14:00:00Z","o":67238.1,"h":67242.7,"l":67200.5,"c":67223.9,"v":628778.0},{"ts":"2026-02-13T14:01:00Z","o":67223.9,"h":67265.6,"l":67217.3,"c":67251.5,"v":169541.0},{"ts":"2026-02-13T14:02:00Z","o":67251.5,"h":67280.1,"l":67199.5,"c":67240.0,"v":396039.0},{"ts":"2026-02-13T14:03:00Z","o":67240.0,"h":67257.7,"l":67189.8,"c":67197.4,"v":299631.0},{"ts":"2026-02-13T14:04:00Z","o":67197.4,"h":67197.4,"l":67115.4,"c":67138.7,"v":555569.0},{"ts":"2026-02-13T14:05:00Z","o":67138.7,"h":67190.5,"l":67100.0,"c":67154.0,"v":426649.0},{"ts":"2026-02-13T14:06:00Z","o":67154.0,"h":67177.1,"l":67100.1,"c":67158.4,"v":262330.0},{"ts":"2026-02-13T14:07:00Z","o":67158.4,"h":67158.4,"l":67094.4,"c":67149.2,"v":274538.0},{"ts":"2026-02-13T14:08:00Z","o":67149.2,"h":67194.4,"l":67149.2,"c":67180.4,"v":329054.0},{"ts":"2026-02-13T14:09:00Z","o":67180.4,"h":67229.8,"l":67180.4,"c":67193.0,"v":302690.0},{"ts":"2026-02-13T14:10:00Z","o":67193.0,"h":67258.5,"l":67191.7,"c":67258.5,"v":377005.0},{"ts":"2026-02-13T14:11:00Z","o":67258.5,"h":67276.2,"l":67235.7,"c":67246.3,"v":348623.0},{"ts":"2026-02-13T14:12:00Z","o":67246.3,"h":67246.6,"l":67187.7,"c":67220.9,"v":159967.0},{"ts":"2026-02-13T14:13:00Z","o":67220.9,"h":67221.0,"l":67128.9,"c":67146.2,"v":448731.0},{"ts":"2026-02-13T14:14:00Z","o":67146.2,"h":67160.6,"l":67111.7,"c":67127.5,"v":406991.0},{"ts":"2026-02-13T14:15:00Z","o":67127.5,"h":67174.8,"l":67127.5,"c":67174.7,"v":307938.0},{"ts":"2026-02-13T14:16:00Z","o":67174.7,"h":67231.9,"l":67163.5,"c":67231.8,"v":373421.0},{"ts":"2026-02-13T14:17:00Z","o":67231.8,"h":67295.7,"l":67205.8,"c":67294.2,"v":510401.0},{"ts":"2026-02-13T14:18:00Z","o":67294.2,"h":67336.7,"l":67291.9,"c":67319.0,"v":570491.0},{"ts":"2026-02-13T14:19:00Z","o":67319.0,"h":67325.4,"l":67290.0,"c":67299.1,"v":177543.0},{"ts":"2026-02-13T14:20:00Z","o":67299.1,"h":67309.4,"l":67275.8,"c":67293.3,"v":237960.0},{"ts":"2026-02-13T14:21:00Z","o":67293.3,"h":67303.3,"l":67260.7,"c":67264.1,"v":358782.0},{"ts":"2026-02-13T14:22:00Z","o":67264.1,"h":67282.4,"l":67247.7,"c":67247.7,"v":168039.0},{"ts":"2026-02-13T14:23:00Z","o":67247.7,"h":67257.3,"l":67211.6,"c":67231.0,"v":285876.0},{"ts":"2026-02-13T14:24:00Z","o":67231.0,"h":67231.0,"l":67192.0,"c":67194.2,"v":246637.0},{"ts":"2026-02-13T14:25:00Z","o":67194.2,"h":67210.9,"l":67161.4,"c":67175.3,"v":268448.0},{"ts":"2026-02-13T14:26:00Z","o":67175.3,"h":67203.4,"l":67166.9,"c":67188.4,"v":241116.0},{"ts":"2026-02-13T14:27:00Z","o":67188.4,"h":67349.8,"l":67188.4,"c":67349.6,"v":516373.0},{"ts":"2026-02-13T14:28:00Z","o":67349.6,"h":67368.8,"l":67294.4,"c":67301.6,"v":469690.0},{"ts":"2026-02-13T14:29:00Z","o":67301.6,"h":67305.1,"l":67263.0,"c":67284.0,"v":318947.0},{"ts":"2026-02-13T14:30:00Z","o":67284.0,"h":67334.3,"l":67217.0,"c":67274.9,"v":438889.0},{"ts":"2026-02-13T14:31:00Z","o":67274.9,"h":67376.7,"l":67172.7,"c":67368.6,"v":604969.0},{"ts":"2026-02-13T14:32:00Z","o":67368.6,"h":67434.1,"l":67279.4,"c":67409.0,"v":830554.0},{"ts":"2026-02-13T14:33:00Z","o":67409.0,"h":67510.6,"l":67276.9,"c":67290.1,"v":1204544.0},{"ts":"2026-02-13T14:34:00Z","o":67290.1,"h":67557.4,"l":67284.9,"c":67510.1,"v":2113260.0},{"ts":"2026-02-13T14:35:00Z","o":67510.1,"h":67551.7,"l":67343.9,"c":67549.5,"v":1122949.0},{"ts":"2026-02-13T14:36:00Z","o":67549.5,"h":67556.1,"l":67391.7,"c":67405.9,"v":625512.0},{"ts":"2026-02-13T14:37:00Z","o":67405.9,"h":67500.0,"l":67339.6,"c":67353.0,"v":628691.0},{"ts":"2026-02-13T14:38:00Z","o":67353.0,"h":67547.9,"l":67264.7,"c":67547.8,"v":1448626.0},{"ts":"2026-02-13T14:39:00Z","o":67547.8,"h":67547.8,"l":67338.0,"c":67347.4,"v":1798022.0},{"ts":"2026-02-13T14:40:00Z","o":67347.4,"h":67358.9,"l":67099.9,"c":67099.9,"v":2236008.0},{"ts":"2026-02-13T14:41:00Z","o":67099.9,"h":67123.3,"l":66851.4,"c":66872.3,"v":3399815.0},{"ts":"2026-02-13T14:42:00Z","o":66872.3,"h":66930.5,"l":66833.9,"c":66922.2,"v":1332230.0},{"ts":"2026-02-13T14:43:00Z","o":66922.2,"h":67146.8,"l":66884.7,"c":67136.3,"v":1347798.0},{"ts":"2026-02-13T14:44:00Z","o":67136.3,"h":67301.0,"l":67084.4,"c":67301.0,"v":1563215.0},{"ts":"2026-02-13T14:45:00Z","o":67301.0,"h":67763.0,"l":67301.0,"c":67739.8,"v":3534991.0},{"ts":"2026-02-13T14:46:00Z","o":67739.8,"h":67749.6,"l":67605.5,"c":67715.3,"v":1818424.0},{"ts":"2026-02-13T14:47:00Z","o":67715.3,"h":67799.4,"l":67659.9,"c":67799.4,"v":1402385.0},{"ts":"2026-02-13T14:48:00Z","o":67799.4,"h":68000.0,"l":67799.3,"c":67844.2,"v":4323274.0},{"ts":"2026-02-13T14:49:00Z","o":67844.2,"h":67989.0,"l":67803.1,"c":67844.1,"v":2072704.0},{"ts":"2026-02-13T14:50:00Z","o":67844.1,"h":67888.0,"l":67584.3,"c":67776.0,"v":2323820.0},{"ts":"2026-02-13T14:51:00Z","o":67776.0,"h":67860.0,"l":67631.9,"c":67850.5,"v":1634678.0},{"ts":"2026-02-13T14:52:00Z","o":67850.5,"h":67868.8,"l":67641.8,"c":67734.2,"v":1033227.0},{"ts":"2026-02-13T14:53:00Z","o":67734.2,"h":67925.5,"l":67658.2,"c":67688.9,"v":1336426.0},{"ts":"2026-02-13T14:54:00Z","o":67688.9,"h":67759.8,"l":67631.6,"c":67654.0,"v":1381941.0},{"ts":"2026-02-13T14:55:00Z","o":67654.0,"h":67829.3,"l":67648.8,"c":67780.0,"v":975933.0},{"ts":"2026-02-13T14:56:00Z","o":67780.0,"h":67819.0,"l":67600.0,"c":67603.1,"v":911331.0},{"ts":"2026-02-13T14:57:00Z","o":67603.1,"h":67708.3,"l":67600.0,"c":67624.1,"v":1014568.0},{"ts":"2026-02-13T14:58:00Z","o":67624.1,"h":67720.0,"l":67602.1,"c":67690.3,"v":578741.0},{"ts":"2026-02-13T14:59:00Z","o":67690.3,"h":67719.4,"l":67642.1,"c":67700.7,"v":612426.0},{"ts":"2026-02-13T15:00:00Z","o":67700.7,"h":67850.0,"l":67700.7,"c":67817.3,"v":1558944.0},{"ts":"2026-02-13T15:01:00Z","o":67817.3,"h":67843.8,"l":67680.0,"c":67816.2,"v":976446.0},{"ts":"2026-02-13T15:02:00Z","o":67816.2,"h":68025.2,"l":67805.6,"c":68004.1,"v":2426625.0},{"ts":"2026-02-13T15:03:00Z","o":68004.1,"h":68036.0,"l":67771.3,"c":67773.3,"v":1705716.0},{"ts":"2026-02-13T15:04:00Z","o":67773.3,"h":67873.5,"l":67754.6,"c":67803.5,"v":781020.0},{"ts":"2026-02-13T15:05:00Z","o":67803.5,"h":67837.6,"l":67660.0,"c":67693.9,"v":1249689.0},{"ts":"2026-02-13T15:06:00Z","o":67693.9,"h":67852.9,"l":67672.1,"c":67840.9,"v":700821.0},{"ts":"2026-02-13T15:07:00Z","o":67840.9,"h":67849.4,"l":67659.6,"c":67722.7,"v":545045.0},{"ts":"2026-02-13T15:08:00Z","o":67722.7,"h":67906.8,"l":67707.9,"c":67898.5,"v":791598.0},{"ts":"2026-02-13T15:09:00Z","o":67898.5,"h":68223.0,"l":67890.0,"c":68219.8,"v":3917955.0},{"ts":"2026-02-13T15:10:00Z","o":68219.8,"h":68328.2,"l":68147.8,"c":68292.0,"v":3045452.0},{"ts":"2026-02-13T15:11:00Z","o":68292.0,"h":68489.9,"l":68255.4,"c":68487.2,"v":3561613.0},{"ts":"2026-02-13T15:12:00Z","o":68487.2,"h":68577.2,"l":68316.9,"c":68327.2,"v":2841505.0},{"ts":"2026-02-13T15:13:00Z","o":68327.2,"h":68489.5,"l":68320.0,"c":68440.0,"v":1198987.0},{"ts":"2026-02-13T15:14:00Z","o":68440.0,"h":68473.4,"l":68289.1,"c":68341.8,"v":1253911.0},{"ts":"2026-02-13T15:15:00Z","o":68341.8,"h":68540.0,"l":68324.0,"c":68505.5,"v":919840.0},{"ts":"2026-02-13T15:16:00Z","o":68505.5,"h":68547.0,"l":68282.0,"c":68282.1,"v":1281309.0},{"ts":"2026-02-13T15:17:00Z","o":68282.1,"h":68348.5,"l":68185.9,"c":68218.7,"v":1422720.0},{"ts":"2026-02-13T15:18:00Z","o":68218.7,"h":68277.4,"l":68177.8,"c":68245.0,"v":1022029.0},{"ts":"2026-02-13T15:19:00Z","o":68245.0,"h":68278.2,"l":68175.0,"c":68201.9,"v":1017743.0},{"ts":"2026-02-13T15:20:00Z","o":68201.9,"h":68336.2,"l":68149.1,"c":68336.0,"v":1397041.0},{"ts":"2026-02-13T15:21:00Z","o":68336.0,"h":68336.0,"l":68160.5,"c":68172.7,"v":728970.0},{"ts":"2026-02-13T15:22:00Z","o":68172.7,"h":68220.3,"l":68092.4,"c":68124.2,"v":1014133.0},{"ts":"2026-02-13T15:23:00Z","o":68124.2,"h":68288.5,"l":68113.3,"c":68258.4,"v":978257.0},{"ts":"2026-02-13T15:24:00Z","o":68258.4,"h":68293.7,"l":68174.0,"c":68292.8,"v":340085.0},{"ts":"2026-02-13T15:25:00Z","o":68292.8,"h":68496.4,"l":68256.2,"c":68470.0,"v":1514401.0},{"ts":"2026-02-13T15:26:00Z","o":68470.0,"h":68695.0,"l":68461.1,"c":68690.1,"v":2312781.0},{"ts":"2026-02-13T15:27:00Z","o":68690.1,"h":68757.2,"l":68603.6,"c":68652.7,"v":2591289.0},{"ts":"2026-02-13T15:28:00Z","o":68652.7,"h":68856.7,"l":68621.3,"c":68812.2,"v":2128316.0},{"ts":"2026-02-13T15:29:00Z","o":68812.2,"h":68888.0,"l":68764.5,"c":68861.6,"v":1789398.0},{"ts":"2026-02-13T15:30:00Z","o":68861.6,"h":68969.2,"l":68844.5,"c":68968.8,"v":2239360.0},{"ts":"2026-02-13T15:31:00Z","o":68968.8,"h":68999.9,"l":68842.1,"c":68850.8,"v":2041060.0},{"ts":"2026-02-13T15:32:00Z","o":68850.8,"h":69098.7,"l":68850.8,"c":69093.4,"v":2531130.0},{"ts":"2026-02-13T15:33:00Z","o":69093.4,"h":69192.7,"l":69065.4,"c":69145.5,"v":2951509.0},{"ts":"2026-02-13T15:34:00Z","o":69145.5,"h":69149.9,"l":68985.7,"c":69004.7,"v":691518.0}],"5m":[{"ts":"2026-02-13T05:35:00Z","o":66368.0,"h":66438.8,"l":66336.6,"c":66388.8,"v":1220843.0},{"ts":"2026-02-13T05:40:00Z","o":66388.8,"h":66444.0,"l":66318.4,"c":66438.0,"v":1026293.0},{"ts":"2026-02-13T05:45:00Z","o":66438.0,"h":66474.4,"l":66399.5,"c":66455.6,"v":807037.0},{"ts":"2026-02-13T05:50:00Z","o":66455.6,"h":66455.6,"l":66336.9,"c":66346.7,"v":543178.0},{"ts":"2026-02-13T05:55:00Z","o":66346.7,"h":66346.7,"l":66151.1,"c":66151.3,"v":1623255.0},{"ts":"2026-02-13T06:00:00Z","o":66151.3,"h":66245.7,"l":66135.1,"c":66204.3,"v":1355361.0},{"ts":"2026-02-13T06:05:00Z","o":66204.3,"h":66259.5,"l":66184.4,"c":66222.2,"v":536208.0},{"ts":"2026-02-13T06:10:00Z","o":66222.2,"h":66279.9,"l":66202.0,"c":66202.7,"v":552345.0},{"ts":"2026-02-13T06:15:00Z","o":66202.7,"h":66268.0,"l":66173.2,"c":66173.2,"v":821021.0},{"ts":"2026-02-13T06:20:00Z","o":66173.2,"h":66227.0,"l":66010.0,"c":66071.5,"v":1747988.0},{"ts":"2026-02-13T06:25:00Z","o":66071.5,"h":66095.7,"l":66018.5,"c":66093.5,"v":1061446.0},{"ts":"2026-02-13T06:30:00Z","o":66093.5,"h":66093.5,"l":65973.7,"c":66045.4,"v":1319991.0},{"ts":"2026-02-13T06:35:00Z","o":66045.4,"h":66095.5,"l":66012.0,"c":66017.6,"v":700281.0},{"ts":"2026-02-13T06:40:00Z","o":66017.6,"h":66084.9,"l":66017.6,"c":66059.3,"v":722952.0},{"ts":"2026-02-13T06:45:00Z","o":66059.3,"h":66105.5,"l":66020.2,"c":66050.0,"v":1292008.0},{"ts":"2026-02-13T06:50:00Z","o":66050.0,"h":66200.8,"l":66050.0,"c":66191.0,"v":1507139.0},{"ts":"2026-02-13T06:55:00Z","o":66191.0,"h":66367.5,"l":66172.7,"c":66330.4,"v":1649428.0},{"ts":"2026-02-13T07:00:00Z","o":66330.4,"h":66450.0,"l":66304.4,"c":66426.2,"v":1232009.0},{"ts":"2026-02-13T07:05:00Z","o":66426.2,"h":66445.0,"l":66338.0,"c":66350.0,"v":1129413.0},{"ts":"2026-02-13T07:10:00Z","o":66350.0,"h":66543.2,"l":66350.0,"c":66497.5,"v":2007148.0},{"ts":"2026-02-13T07:15:00Z","o":66497.5,"h":66540.1,"l":66409.7,"c":66429.9,"v":1106350.0},{"ts":"2026-02-13T07:20:00Z","o":66429.9,"h":66470.0,"l":66385.8,"c":66469.3,"v":1179858.0},{"ts":"2026-02-13T07:25:00Z","o":66469.3,"h":66491.1,"l":66399.3,"c":66490.0,"v":825488.0},{"ts":"2026-02-13T07:30:00Z","o":66490.0,"h":66490.0,"l":66288.6,"c":66320.9,"v":1313990.0},{"ts":"2026-02-13T07:35:00Z","o":66320.9,"h":66337.9,"l":66149.8,"c":66200.3,"v":1847429.0},{"ts":"2026-02-13T07:40:00Z","o":66200.3,"h":66200.3,"l":66093.8,"c":66094.0,"v":1685936.0},{"ts":"2026-02-13T07:45:00Z","o":66094.0,"h":66137.9,"l":66040.9,"c":66118.3,"v":1584807.0},{"ts":"2026-02-13T07:50:00Z","o":66118.3,"h":66278.8,"l":66018.0,"c":66278.8,"v":1678001.0},{"ts":"2026-02-13T07:55:00Z","o":66278.8,"h":66300.0,"l":66132.0,"c":66183.2,"v":1942851.0},{"ts":"2026-02-13T08:00:00Z","o":66183.2,"h":66336.6,"l":66159.9,"c":66312.0,"v":1684090.0},{"ts":"2026-02-13T08:05:00Z","o":66312.0,"h":66459.6,"l":66252.8,"c":66258.1,"v":1895186.0},{"ts":"2026-02-13T08:10:00Z","o":66258.1,"h":66328.0,"l":66230.9,"c":66232.1,"v":625622.0},{"ts":"2026-02-13T08:15:00Z","o":66232.1,"h":66305.9,"l":66185.8,"c":66298.3,"v":1008404.0},{"ts":"2026-02-13T08:20:00Z","o":66298.3,"h":66391.7,"l":66241.8,"c":66263.6,"v":1422348.0},{"ts":"2026-02-13T08:25:00Z","o":66263.6,"h":66412.5,"l":66263.6,"c":66382.8,"v":1020078.0},{"ts":"2026-02-13T08:30:00Z","o":66382.8,"h":66440.2,"l":66341.4,"c":66430.1,"v":993700.0},{"ts":"2026-02-13T08:35:00Z","o":66430.1,"h":66511.1,"l":66390.6,"c":66397.3,"v":1658651.0},{"ts":"2026-02-13T08:40:00Z","o":66397.3,"h":66477.0,"l":66369.1,"c":66477.0,"v":1191232.0},{"ts":"2026-02-13T08:45:00Z","o":66477.0,"h":66723.0,"l":66476.9,"c":66631.9,"v":3334252.0},{"ts":"2026-02-13T08:50:00Z","o":66631.9,"h":66676.9,"l":66575.8,"c":66652.5,"v":1970208.0},{"ts":"2026-02-13T08:55:00Z","o":66652.5,"h":66676.1,"l":66555.2,"c":66674.8,"v":1189895.0},{"ts":"2026-02-13T09:00:00Z","o":66674.8,"h":66697.5,"l":66580.0,"c":66631.0,"v":1600463.0},{"ts":"2026-02-13T09:05:00Z","o":66631.0,"h":66767.4,"l":66599.7,"c":66748.9,"v":1962415.0},{"ts":"2026-02-13T09:10:00Z","o":66748.9,"h":66830.9,"l":66621.0,"c":66653.5,"v":2942979.0},{"ts":"2026-02-13T09:15:00Z","o":66653.5,"h":66760.0,"l":66606.0,"c":66695.3,"v":1852419.0},{"ts":"2026-02-13T09:20:00Z","o":66695.3,"h":66809.8,"l":66645.6,"c":66761.5,"v":1545117.0},{"ts":"2026-02-13T09:25:00Z","o":66761.5,"h":66790.2,"l":66687.1,"c":66790.1,"v":921996.0},{"ts":"2026-02-13T09:30:00Z","o":66790.1,"h":66875.7,"l":66743.2,"c":66873.1,"v":2122073.0},{"ts":"2026-02-13T09:35:00Z","o":66873.1,"h":66911.2,"l":66789.9,"c":66820.5,"v":1938239.0},{"ts":"2026-02-13T09:40:00Z","o":66820.5,"h":66875.1,"l":66772.3,"c":66822.6,"v":1143305.0},{"ts":"2026-02-13T09:45:00Z","o":66822.6,"h":67041.7,"l":66821.2,"c":66974.1,"v":3245343.0},{"ts":"2026-02-13T09:50:00Z","o":66974.1,"h":66998.1,"l":66907.9,"c":66928.2,"v":1487697.0},{"ts":"2026-02-13T09:55:00Z","o":66928.2,"h":66957.1,"l":66891.1,"c":66924.3,"v":952621.0},{"ts":"2026-02-13T10:00:00Z","o":66924.3,"h":66936.0,"l":66818.2,"c":66823.3,"v":1423403.0},{"ts":"2026-02-13T10:05:00Z","o":66823.3,"h":66880.7,"l":66789.7,"c":66800.0,"v":3069222.0},{"ts":"2026-02-13T10:10:00Z","o":66800.0,"h":66879.2,"l":66800.0,"c":66873.3,"v":966197.0},{"ts":"2026-02-13T10:15:00Z","o":66873.3,"h":67064.0,"l":66860.0,"c":66970.2,"v":2171965.0},{"ts":"2026-02-13T10:20:00Z","o":66970.2,"h":66970.3,"l":66765.5,"c":66797.0,"v":1827940.0},{"ts":"2026-02-13T10:25:00Z","o":66797.0,"h":66888.0,"l":66788.6,"c":66882.0,"v":1249252.0},{"ts":"2026-02-13T10:30:00Z","o":66882.0,"h":66988.0,"l":66810.0,"c":66940.4,"v":1683061.0},{"ts":"2026-02-13T10:35:00Z","o":66940.4,"h":67016.2,"l":66914.7,"c":66917.2,"v":2767064.0},{"ts":"2026-02-13T10:40:00Z","o":66917.2,"h":67086.5,"l":66907.9,"c":66993.2,"v":2323268.0},{"ts":"2026-02-13T10:45:00Z","o":66993.2,"h":67022.0,"l":66933.9,"c":66999.9,"v":1453400.0},{"ts":"2026-02-13T10:50:00Z","o":66999.9,"h":67058.4,"l":66946.6,"c":67000.6,"v":1218225.0},{"ts":"2026-02-13T10:55:00Z","o":67000.6,"h":67023.0,"l":66937.5,"c":66940.0,"v":991509.0},{"ts":"2026-02-13T11:00:00Z","o":66940.0,"h":66949.4,"l":66819.5,"c":66899.6,"v":2003109.0},{"ts":"2026-02-13T11:05:00Z","o":66899.6,"h":66999.9,"l":66857.0,"c":66880.0,"v":1394610.0},{"ts":"2026-02-13T11:10:00Z","o":66880.0,"h":66895.3,"l":66809.1,"c":66849.9,"v":1252401.0},{"ts":"2026-02-13T11:15:00Z","o":66849.9,"h":66911.5,"l":66827.5,"c":66900.1,"v":1264351.0},{"ts":"2026-02-13T11:20:00Z","o":66900.1,"h":66937.8,"l":66849.1,"c":66859.1,"v":1175903.0},{"ts":"2026-02-13T11:25:00Z","o":66859.1,"h":66978.3,"l":66856.3,"c":66944.6,"v":1211904.0},{"ts":"2026-02-13T11:30:00Z","o":66944.6,"h":66965.6,"l":66749.1,"c":66818.8,"v":2377706.0},{"ts":"2026-02-13T11:35:00Z","o":66818.8,"h":66969.6,"l":66791.0,"c":66914.7,"v":1111496.0},{"ts":"2026-02-13T11:40:00Z","o":66914.7,"h":66993.5,"l":66898.3,"c":66962.0,"v":1098297.0},{"ts":"2026-02-13T11:45:00Z","o":66962.0,"h":67014.7,"l":66930.3,"c":66976.7,"v":1482621.0},{"ts":"2026-02-13T11:50:00Z","o":66976.7,"h":67034.2,"l":66968.5,"c":67024.6,"v":786353.0},{"ts":"2026-02-13T11:55:00Z","o":67024.6,"h":67195.4,"l":67004.4,"c":67137.4,"v":3054861.0},{"ts":"2026-02-13T12:00:00Z","o":67137.4,"h":67143.2,"l":66974.6,"c":66987.3,"v":2151494.0},{"ts":"2026-02-13T12:05:00Z","o":66987.3,"h":67022.6,"l":66912.0,"c":67004.1,"v":1811874.0},{"ts":"2026-02-13T12:10:00Z","o":67004.1,"h":67055.9,"l":66944.7,"c":66951.7,"v":1164023.0},{"ts":"2026-02-13T12:15:00Z","o":66951.7,"h":67009.5,"l":66887.0,"c":66973.2,"v":1453616.0},{"ts":"2026-02-13T12:20:00Z","o":66973.2,"h":67040.0,"l":66959.9,"c":66977.5,"v":1269032.0},{"ts":"2026-02-13T12:25:00Z","o":66977.5,"h":67091.2,"l":66966.0,"c":67060.1,"v":1057339.0},{"ts":"2026-02-13T12:30:00Z","o":67060.1,"h":67074.8,"l":67012.2,"c":67023.1,"v":807986.0},{"ts":"2026-02-13T12:35:00Z","o":67023.1,"h":67103.1,"l":67001.3,"c":67041.0,"v":1112900.0},{"ts":"2026-02-13T12:40:00Z","o":67041.0,"h":67097.9,"l":67025.2,"c":67057.3,"v":738186.0},{"ts":"2026-02-13T12:45:00Z","o":67057.3,"h":67078.5,"l":66972.1,"c":67073.4,"v":1893712.0},{"ts":"2026-02-13T12:50:00Z","o":67073.4,"h":67180.0,"l":67007.3,"c":67179.9,"v":1744892.0},{"ts":"2026-02-13T12:55:00Z","o":67179.9,"h":67180.9,"l":67030.0,"c":67050.0,"v":1981809.0},{"ts":"2026-02-13T13:00:00Z","o":67050.0,"h":67155.4,"l":67047.9,"c":67111.6,"v":1038824.0},{"ts":"2026-02-13T13:05:00Z","o":67111.6,"h":67123.2,"l":66907.9,"c":66947.3,"v":2228748.0},{"ts":"2026-02-13T13:10:00Z","o":66947.3,"h":66983.0,"l":66913.3,"c":66939.6,"v":1895045.0},{"ts":"2026-02-13T13:15:00Z","o":66939.6,"h":67083.0,"l":66939.6,"c":67059.9,"v":2040126.0},{"ts":"2026-02-13T13:20:00Z","o":67059.9,"h":67246.2,"l":66984.2,"c":67200.0,"v":2907522.0},{"ts":"2026-02-13T13:25:00Z","o":67200.0,"h":67382.9,"l":67194.4,"c":67304.4,"v":4865116.0},{"ts":"2026-02-13T13:30:00Z","o":67304.4,"h":67595.8,"l":67286.3,"c":67479.8,"v":11683941.0},{"ts":"2026-02-13T13:35:00Z","o":67479.8,"h":67479.8,"l":67206.5,"c":67270.9,"v":4407349.0},{"ts":"2026-02-13T13:40:00Z","o":67270.9,"h":67360.9,"l":67163.1,"c":67292.9,"v":3249423.0},{"ts":"2026-02-13T13:45:00Z","o":67292.9,"h":67316.3,"l":67079.1,"c":67250.7,"v":4687159.0},{"ts":"2026-02-13T13:50:00Z","o":67250.7,"h":67381.5,"l":67228.6,"c":67320.1,"v":3610353.0},{"ts":"2026-02-13T13:55:00Z","o":67320.1,"h":67387.7,"l":67235.6,"c":67238.1,"v":1931409.0},{"ts":"2026-02-13T14:00:00Z","o":67238.1,"h":67280.1,"l":67115.4,"c":67138.7,"v":2049558.0},{"ts":"2026-02-13T14:05:00Z","o":67138.7,"h":67229.8,"l":67094.4,"c":67193.0,"v":1595261.0},{"ts":"2026-02-13T14:10:00Z","o":67193.0,"h":67276.2,"l":67111.7,"c":67127.5,"v":1741317.0},{"ts":"2026-02-13T14:15:00Z","o":67127.5,"h":67336.7,"l":67127.5,"c":67299.1,"v":1939794.0},{"ts":"2026-02-13T14:20:00Z","o":67299.1,"h":67309.4,"l":67192.0,"c":67194.2,"v":1297294.0},{"ts":"2026-02-13T14:25:00Z","o":67194.2,"h":67368.8,"l":67161.4,"c":67284.0,"v":1814574.0},{"ts":"2026-02-13T14:30:00Z","o":67284.0,"h":67557.4,"l":67172.7,"c":67510.1,"v":5192216.0},{"ts":"2026-02-13T14:35:00Z","o":67510.1,"h":67556.1,"l":67264.7,"c":67347.4,"v":5623800.0},{"ts":"2026-02-13T14:40:00Z","o":67347.4,"h":67358.9,"l":66833.9,"c":67301.0,"v":9879066.0},{"ts":"2026-02-13T14:45:00Z","o":67301.0,"h":68000.0,"l":67301.0,"c":67844.1,"v":13151778.0},{"ts":"2026-02-13T14:50:00Z","o":67844.1,"h":67925.5,"l":67584.3,"c":67654.0,"v":7710092.0},{"ts":"2026-02-13T14:55:00Z","o":67654.0,"h":67829.3,"l":67600.0,"c":67700.7,"v":4092999.0},{"ts":"2026-02-13T15:00:00Z","o":67700.7,"h":68036.0,"l":67680.0,"c":67803.5,"v":7448751.0},{"ts":"2026-02-13T15:05:00Z","o":67803.5,"h":68223.0,"l":67659.6,"c":68219.8,"v":7205108.0},{"ts":"2026-02-13T15:10:00Z","o":68219.8,"h":68577.2,"l":68147.8,"c":68341.8,"v":11901468.0},{"ts":"2026-02-13T15:15:00Z","o":68341.8,"h":68547.0,"l":68175.0,"c":68201.9,"v":5663641.0},{"ts":"2026-02-13T15:20:00Z","o":68201.9,"h":68336.2,"l":68092.4,"c":68292.8,"v":4458486.0},{"ts":"2026-02-13T15:25:00Z","o":68292.8,"h":68888.0,"l":68256.2,"c":68861.6,"v":10336185.0},{"ts":"2026-02-13T15:30:00Z","o":68861.6,"h":69192.7,"l":68842.1,"c":69017.3,"v":10458134.0}],"15m":[{"ts":"2026-02-12T19:45:00Z","o":65948.6,"h":66088.0,"l":65743.4,"c":65760.8,"v":5417969.0},{"ts":"2026-02-12T20:00:00Z","o":65760.8,"h":66008.7,"l":65576.2,"c":65677.7,"v":7027791.0},{"ts":"2026-02-12T20:15:00Z","o":65677.7,"h":65782.6,"l":65451.5,"c":65477.0,"v":4261713.0},{"ts":"2026-02-12T20:30:00Z","o":65477.0,"h":65655.9,"l":65370.0,"c":65517.6,"v":5123423.0},{"ts":"2026-02-12T20:45:00Z","o":65517.6,"h":65563.7,"l":65184.4,"c":65395.2,"v":8069038.0},{"ts":"2026-02-12T21:00:00Z","o":65395.2,"h":65643.3,"l":65395.2,"c":65640.2,"v":5258266.0},{"ts":"2026-02-12T21:15:00Z","o":65640.2,"h":65770.0,"l":65445.0,"c":65575.7,"v":5823486.0},{"ts":"2026-02-12T21:30:00Z","o":65575.7,"h":65819.5,"l":65550.1,"c":65788.5,"v":4866212.0},{"ts":"2026-02-12T21:45:00Z","o":65788.5,"h":65873.3,"l":65706.4,"c":65816.8,"v":2810797.0},{"ts":"2026-02-12T22:00:00Z","o":65816.8,"h":65861.6,"l":65715.0,"c":65788.9,"v":3423072.0},{"ts":"2026-02-12T22:15:00Z","o":65788.9,"h":65927.3,"l":65615.0,"c":65927.3,"v":4459347.0},{"ts":"2026-02-12T22:30:00Z","o":65927.3,"h":66176.9,"l":65850.8,"c":66168.1,"v":5300581.0},{"ts":"2026-02-12T22:45:00Z","o":66168.1,"h":66380.0,"l":66160.0,"c":66262.3,"v":6674619.0},{"ts":"2026-02-12T23:00:00Z","o":66262.3,"h":66444.0,"l":66173.2,"c":66286.0,"v":5893589.0},{"ts":"2026-02-12T23:15:00Z","o":66286.0,"h":66458.1,"l":66228.2,"c":66366.4,"v":3006050.0},{"ts":"2026-02-12T23:30:00Z","o":66366.4,"h":66456.1,"l":66175.3,"c":66219.9,"v":3842626.0},{"ts":"2026-02-12T23:45:00Z","o":66219.9,"h":66280.2,"l":66135.8,"c":66243.1,"v":3096513.0},{"ts":"2026-02-13T00:00:00Z","o":66243.1,"h":66498.4,"l":66137.9,"c":66341.3,"v":5761410.0},{"ts":"2026-02-13T00:15:00Z","o":66341.3,"h":66347.8,"l":65976.0,"c":66001.8,"v":5952390.0},{"ts":"2026-02-13T00:30:00Z","o":66001.8,"h":66111.5,"l":65870.7,"c":65924.6,"v":7882903.0},{"ts":"2026-02-13T00:45:00Z","o":65924.6,"h":66038.1,"l":65833.9,"c":65881.9,"v":7017403.0},{"ts":"2026-02-13T01:00:00Z","o":65881.9,"h":66250.1,"l":65881.9,"c":66220.0,"v":5203778.0},{"ts":"2026-02-13T01:15:00Z","o":66220.0,"h":66265.0,"l":66052.7,"c":66189.5,"v":4085738.0},{"ts":"2026-02-13T01:30:00Z","o":66189.5,"h":66475.1,"l":66189.5,"c":66383.7,"v":4936633.0},{"ts":"2026-02-13T01:45:00Z","o":66383.7,"h":66587.6,"l":66299.5,"c":66423.5,"v":5365308.0},{"ts":"2026-02-13T02:00:00Z","o":66423.5,"h":66540.0,"l":66352.8,"c":66531.0,"v":3526791.0},{"ts":"2026-02-13T02:15:00Z","o":66531.0,"h":66622.9,"l":66353.8,"c":66494.5,"v":3169626.0},{"ts":"2026-02-13T02:30:00Z","o":66494.5,"h":66600.0,"l":66428.5,"c":66555.1,"v":2315313.0},{"ts":"2026-02-13T02:45:00Z","o":66555.1,"h":66727.2,"l":66510.8,"c":66628.0,"v":3310231.0},{"ts":"2026-02-13T03:00:00Z","o":66628.0,"h":66741.6,"l":66464.0,"c":66481.5,"v":4291177.0},{"ts":"2026-02-13T03:15:00Z","o":66481.5,"h":66647.0,"l":66453.5,"c":66647.0,"v":2315609.0},{"ts":"2026-02-13T03:30:00Z","o":66647.0,"h":66778.0,"l":66585.3,"c":66608.4,"v":2889262.0},{"ts":"2026-02-13T03:45:00Z","o":66608.4,"h":66641.5,"l":66422.9,"c":66519.6,"v":3337421.0},{"ts":"2026-02-13T04:00:00Z","o":66519.6,"h":66562.0,"l":66399.2,"c":66504.9,"v":2987635.0},{"ts":"2026-02-13T04:15:00Z","o":66504.9,"h":66643.9,"l":66418.6,"c":66418.6,"v":3733603.0},{"ts":"2026-02-13T04:30:00Z","o":66418.6,"h":66444.1,"l":66311.0,"c":66334.6,"v":2922439.0},{"ts":"2026-02-13T04:45:00Z","o":66334.6,"h":66413.8,"l":66273.4,"c":66300.0,"v":2905527.0},{"ts":"2026-02-13T05:00:00Z","o":66300.0,"h":66424.5,"l":66190.5,"c":66211.1,"v":3327922.0},{"ts":"2026-02-13T05:15:00Z","o":66211.1,"h":66374.7,"l":66194.4,"c":66292.1,"v":1764146.0},{"ts":"2026-02-13T05:30:00Z","o":66292.1,"h":66444.0,"l":66278.0,"c":66438.0,"v":3037963.0},{"ts":"2026-02-13T05:45:00Z","o":66438.0,"h":66474.4,"l":66151.1,"c":66151.3,"v":2973470.0},{"ts":"2026-02-13T06:00:00Z","o":66151.3,"h":66279.9,"l":66135.1,"c":66202.7,"v":2443914.0},{"ts":"2026-02-13T06:15:00Z","o":66202.7,"h":66268.0,"l":66010.0,"c":66093.5,"v":3630455.0},{"ts":"2026-02-13T06:30:00Z","o":66093.5,"h":66095.5,"l":65973.7,"c":66059.3,"v":2743224.0},{"ts":"2026-02-13T06:45:00Z","o":66059.3,"h":66367.5,"l":66020.2,"c":66330.4,"v":4448575.0},{"ts":"2026-02-13T07:00:00Z","o":66330.4,"h":66543.2,"l":66304.4,"c":66497.5,"v":4368570.0},{"ts":"2026-02-13T07:15:00Z","o":66497.5,"h":66540.1,"l":66385.8,"c":66490.0,"v":3111696.0},{"ts":"2026-02-13T07:30:00Z","o":66490.0,"h":66490.0,"l":66093.8,"c":66094.0,"v":4847355.0},{"ts":"2026-02-13T07:45:00Z","o":66094.0,"h":66300.0,"l":66018.0,"c":66183.2,"v":5205659.0},{"ts":"2026-02-13T08:00:00Z","o":66183.2,"h":66459.6,"l":66159.9,"c":66232.1,"v":4204898.0},{"ts":"2026-02-13T08:15:00Z","o":66232.1,"h":66412.5,"l":66185.8,"c":66382.8,"v":3450830.0},{"ts":"2026-02-13T08:30:00Z","o":66382.8,"h":66511.1,"l":66341.4,"c":66477.0,"v":3843583.0},{"ts":"2026-02-13T08:45:00Z","o":66477.0,"h":66723.0,"l":66476.9,"c":66674.8,"v":6494355.0},{"ts":"2026-02-13T09:00:00Z","o":66674.8,"h":66830.9,"l":66580.0,"c":66653.5,"v":6505857.0},{"ts":"2026-02-13T09:15:00Z","o":66653.5,"h":66809.8,"l":66606.0,"c":66790.1,"v":4319532.0},{"ts":"2026-02-13T09:30:00Z","o":66790.1,"h":66911.2,"l":66743.2,"c":66822.6,"v":5203617.0},{"ts":"2026-02-13T09:45:00Z","o":66822.6,"h":67041.7,"l":66821.2,"c":66924.3,"v":5685661.0},{"ts":"2026-02-13T10:00:00Z","o":66924.3,"h":66936.0,"l":66789.7,"c":66873.3,"v":5458822.0},{"ts":"2026-02-13T10:15:00Z","o":66873.3,"h":67064.0,"l":66765.5,"c":66882.0,"v":5249157.0},{"ts":"2026-02-13T10:30:00Z","o":66882.0,"h":67086.5,"l":66810.0,"c":66993.2,"v":6773393.0},{"ts":"2026-02-13T10:45:00Z","o":66993.2,"h":67058.4,"l":66933.9,"c":66940.0,"v":3663134.0},{"ts":"2026-02-13T11:00:00Z","o":66940.0,"h":66999.9,"l":66809.1,"c":66849.9,"v":4650120.0},{"ts":"2026-02-13T11:15:00Z","o":66849.9,"h":66978.3,"l":66827.5,"c":66944.6,"v":3652158.0},{"ts":"2026-02-13T11:30:00Z","o":66944.6,"h":66993.5,"l":66749.1,"c":66962.0,"v":4587499.0},{"ts":"2026-02-13T11:45:00Z","o":66962.0,"h":67195.4,"l":66930.3,"c":67137.4,"v":5323835.0},{"ts":"2026-02-13T12:00:00Z","o":67137.4,"h":67143.2,"l":66912.0,"c":66951.7,"v":5127391.0},{"ts":"2026-02-13T12:15:00Z","o":66951.7,"h":67091.2,"l":66887.0,"c":67060.1,"v":3779987.0},{"ts":"2026-02-13T12:30:00Z","o":67060.1,"h":67103.1,"l":67001.3,"c":67057.3,"v":2659072.0},{"ts":"2026-02-13T12:45:00Z","o":67057.3,"h":67180.9,"l":66972.1,"c":67050.0,"v":5620413.0},{"ts":"2026-02-13T13:00:00Z","o":67050.0,"h":67155.4,"l":66907.9,"c":66939.6,"v":5162617.0},{"ts":"2026-02-13T13:15:00Z","o":66939.6,"h":67382.9,"l":66939.6,"c":67304.4,"v":9812764.0},{"ts":"2026-02-13T13:30:00Z","o":67304.4,"h":67595.8,"l":67163.1,"c":67292.9,"v":19340713.0},{"ts":"2026-02-13T13:45:00Z","o":67292.9,"h":67387.7,"l":67079.1,"c":67238.1,"v":10228921.0},{"ts":"2026-02-13T14:00:00Z","o":67238.1,"h":67280.1,"l":67094.4,"c":67127.5,"v":5386136.0},{"ts":"2026-02-13T14:15:00Z","o":67127.5,"h":67368.8,"l":67127.5,"c":67284.0,"v":5051662.0},{"ts":"2026-02-13T14:30:00Z","o":67284.0,"h":67557.4,"l":66833.9,"c":67301.0,"v":20695082.0},{"ts":"2026-02-13T14:45:00Z","o":67301.0,"h":68000.0,"l":67301.0,"c":67700.7,"v":24954869.0},{"ts":"2026-02-13T15:00:00Z","o":67700.7,"h":68577.2,"l":67659.6,"c":68341.8,"v":26555327.0},{"ts":"2026-02-13T15:15:00Z","o":68341.8,"h":68888.0,"l":68092.4,"c":68861.6,"v":20458312.0},{"ts":"2026-02-13T15:30:00Z","o":68861.6,"h":69192.7,"l":68842.1,"c":69017.2,"v":10463190.0}]},"features":{"P_used":68990.1,"orderbook":{"topN":20,"bandPct":0.0015,"bidSumTopN":49189.0,"askSumTopN":200673.0,"bidAskRatioTopN":0.24512017062584404,"bestBid":68999.6,"bestAsk":68999.7,"spread":0.09999999999126885,"spreadBps":0.01449483331539871,"nearBand":{"bidCount":20,"askCount":20,"topBidWall":{"price":68999.6,"size":5008.0},"topAskWall":{"price":69001.7,"size":100422.0}}},"orderbookHistory":{"available":true,"bidWall":{"samples":9,"persistRate":0.0,"churnRate":1.0,"sizeCv":0.7618567457414852},"askWall":{"samples":9,"persistRate":0.0,"churnRate":1.0,"sizeCv":0.3049664144175232}},"trades":{"available":true,"buyVol":20072.0,"sellVol":26260.0,"buyCnt":22,"sellCnt":18,"buyVolRatio":0.4332210998877666,"sellVolRatio":0.5667789001122334,"maxTrade":{"price":68990.0,"vol":8309.0,"T":2}},"openInterest":{"available":true,"windowSamples":26,"oiStart":520921632.0,"oiEnd":521682816.0,"oiChange":761184.0,"oiChangePct":0.14612255534053153,"pxStart":68999.6,"pxEnd":68990.8,"pxChangePct":-0.012753697122886088,"leverageChaseFlag":false},"context":{"available":true,"range15m":{"hi":69192.7,"lo":66749.1,"pos01":0.9281797348174822,"lastClose":69017.2,"meanClose":67368.09},"range5m":{"hi":69192.7,"lo":66749.1,"pos01":0.9282206580455088,"lastClose":69017.3,"meanClose":67269.08}}}}