{"meta":{"exchange":"MEXC","market":"FUTURES","symbol":"BTC_USDT","generated_at":"2026-02-12T20:39:13Z"},"marketInfo":{"priceUnit":0.1,"volUnit":1,"minVol":1,"contractSize":0.0001,"priceScale":1,"volScale":0,"maxLeverage":500},"price":{"ticker":{"contractId":10,"symbol":"BTC_USDT","lastPrice":65567.2,"bid1":65567.2,"ask1":65567.3,"volume24":265887988,"amount24":1783869099.80658,"holdVol":521642899,"lower24Price":65081.1,"high24Price":68381.5,"riseFallRate":-0.0228,"riseFallValue":-1536.3,"indexPrice":65588.13,"fairPrice":65567.2,"fundingRate":3.2e-05,"maxBidPrice":72146.9,"minAskPrice":59029.3,"timestamp":1770928750798,"riseFallRates":{"zone":"UTC+8","r":-0.0228,"v":-1536.3,"r7":-0.0279,"r30":-0.298,"r90":-0.3223,"r180":-0.4425,"r365":-0.3153},"riseFallRatesOfTimezone":[-0.0293,-0.022,-0.0228]},"funding":{"symbol":"BTC_USDT","fundingRate":3.2e-05,"maxFundingRate":0.0018,"minFundingRate":-0.0018,"collectCycle":8,"nextSettleTime":1770940800000,"timestamp":1770928754014},"index":{"symbol":"BTC_USDT","indexPrice":65590.95,"timestamp":1770928754593},"fair":{"symbol":"BTC_USDT","fairPrice":65566.5,"timestamp":1770928754990}},"metrics":{"openInterestNow":521642899,"oiHistory":[{"t":1770928758708,"lastPrice":65570.9,"bid1":65570.9,"ask1":65571,"holdVol":521645491,"fundingRate":3.2e-05,"indexPrice":65594.33,"fairPrice":65571},{"t":1770928761290,"lastPrice":65563.6,"bid1":65563.6,"ask1":65563.7,"holdVol":521682902,"fundingRate":3.2e-05,"indexPrice":65587.96,"fairPrice":65562.2},{"t":1770928763850,"lastPrice":65564.7,"bid1":65564.6,"ask1":65564.7,"holdVol":521651116,"fundingRate":3.2e-05,"indexPrice":65589.77,"fairPrice":65564.7},{"t":1770928766667,"lastPrice":65564.7,"bid1":65564.6,"ask1":65564.7,"holdVol":521651116,"fundingRate":3.2e-05,"indexPrice":65589.77,"fairPrice":65564.7},{"t":1770928769224,"lastPrice":65564.7,"bid1":65564.6,"ask1":65564.7,"holdVol":521651270,"fundingRate":3.2e-05,"indexPrice":65589.86,"fairPrice":65564.6},{"t":1770928771807,"lastPrice":65547.7,"bid1":65547.6,"ask1":65547.7,"holdVol":521790230,"fundingRate":3.2e-05,"indexPrice":65586.33,"fairPrice":65564.7},{"t":1770928774372,"lastPrice":65547.7,"bid1":65560.1,"ask1":65560.2,"holdVol":521790230,"fundingRate":3.2e-05,"indexPrice":65572.91,"fairPrice":65547.6},{"t":1770928776935,"lastPrice":65568.7,"bid1":65569.4,"ask1":65569.5,"holdVol":521788310,"fundingRate":3.2e-05,"indexPrice":65587.91,"fairPrice":65568.8},{"t":1770928779545,"lastPrice":65566.1,"bid1":65566,"ask1":65566.1,"holdVol":521778451,"fundingRate":3.2e-05,"indexPrice":65592.13,"fairPrice":65571.7},{"t":1770928782157,"lastPrice":65566.1,"bid1":65566,"ask1":65566.1,"holdVol":521690716,"fundingRate":3.2e-05,"indexPrice":65591.89,"fairPrice":65566.3},{"t":1770928784721,"lastPrice":65566,"bid1":65566,"ask1":65566.1,"holdVol":521700566,"fundingRate":3.2e-05,"indexPrice":65591.78,"fairPrice":65566.2},{"t":1770928787303,"lastPrice":65566,"bid1":65566,"ask1":65566.1,"holdVol":521700172,"fundingRate":3.2e-05,"indexPrice":65591.86,"fairPrice":65566.2},{"t":1770928789886,"lastPrice":65566,"bid1":65566,"ask1":65566.1,"holdVol":521700172,"fundingRate":3.2e-05,"indexPrice":65591.86,"fairPrice":65566.2},{"t":1770928792498,"lastPrice":65600,"bid1":65599.9,"ask1":65600,"holdVol":521686665,"fundingRate":3.2e-05,"indexPrice":65625.61,"fairPrice":65600.1},{"t":1770928795089,"lastPrice":65600,"bid1":65599.9,"ask1":65600,"holdVol":521686665,"fundingRate":3.2e-05,"indexPrice":65625.61,"fairPrice":65600.1},{"t":1770928797664,"lastPrice":65607.9,"bid1":65607.8,"ask1":65609.2,"holdVol":521730326,"fundingRate":3.2e-05,"indexPrice":65630.4,"fairPrice":65607.9},{"t":1770928800214,"lastPrice":65617.9,"bid1":65620,"ask1":65620.1,"holdVol":521702505,"fundingRate":3.2e-05,"indexPrice":65640.97,"fairPrice":65615.6},{"t":1770928802804,"lastPrice":65610.5,"bid1":65610.5,"ask1":65610.6,"holdVol":521633817,"fundingRate":3.2e-05,"indexPrice":65634.78,"fairPrice":65617.1},{"t":1770928805360,"lastPrice":65620,"bid1":65620,"ask1":65620.1,"holdVol":521563872,"fundingRate":3.2e-05,"indexPrice":65637.15,"fairPrice":65620.1},{"t":1770928808206,"lastPrice":65612.2,"bid1":65612.2,"ask1":65612.3,"holdVol":521557718,"fundingRate":3.2e-05,"indexPrice":65652.6,"fairPrice":65629.2},{"t":1770928811302,"lastPrice":65600.5,"bid1":65600.5,"ask1":65600.6,"holdVol":521552361,"fundingRate":3.2e-05,"indexPrice":65628.72,"fairPrice":65608.9},{"t":1770928813874,"lastPrice":65592.4,"bid1":65585.4,"ask1":65585.5,"holdVol":521469696,"fundingRate":3.2e-05,"indexPrice":65623.96,"fairPrice":65600},{"t":1770928816476,"lastPrice":65584.4,"bid1":65584.4,"ask1":65584.5,"holdVol":521457091,"fundingRate":3.2e-05,"indexPrice":65608.99,"fairPrice":65585.1}],"fundingRateNow":3.2e-05,"fundingRateHistory":{"pageSize":24,"totalCount":1618,"totalPage":68,"currentPage":1,"resultList":[{"symbol":"BTC_USDT","fundingRate":-1.7e-05,"settleTime":1770912000000,"collectCycle":8},{"symbol":"BTC_USDT","fundingRate":3.3e-05,"settleTime":1770883200000,"collectCycle":8},{"symbol":"BTC_USDT","fundingRate":-1.3e-05,"settleTime":1770854400000,"collectCycle":8},{"symbol":"BTC_USDT","fundingRate":-1.2e-05,"settleTime":1770825600000,"collectCycle":8},{"symbol":"BTC_USDT","fundingRate":-8.3e-05,"settleTime":1770796800000,"collectCycle":8},{"symbol":"BTC_USDT","fundingRate":1.3e-05,"settleTime":1770768000000,"collectCycle":8},{"symbol":"BTC_USDT","fundingRate":-8.8e-05,"settleTime":1770739200000,"collectCycle":8},{"symbol":"BTC_USDT","fundingRate":-4.7e-05,"settleTime":1770710400000,"collectCycle":8},{"symbol":"BTC_USDT","fundingRate":-9e-05,"settleTime":1770681600000,"collectCycle":8},{"symbol":"BTC_USDT","fundingRate":-4.2e-05,"settleTime":1770652800000,"collectCycle":8},{"symbol":"BTC_USDT","fundingRate":1.7e-05,"settleTime":1770624000000,"collectCycle":8},{"symbol":"BTC_USDT","fundingRate":-2.9e-05,"settleTime":1770595200000,"collectCycle":8},{"symbol":"BTC_USDT","fundingRate":-4.9e-05,"settleTime":1770566400000,"collectCycle":8},{"symbol":"BTC_USDT","fundingRate":-3.5e-05,"settleTime":1770537600000,"collectCycle":8},{"symbol":"BTC_USDT","fundingRate":-3.4e-05,"settleTime":1770508800000,"collectCycle":8},{"symbol":"BTC_USDT","fundingRate":-3e-05,"settleTime":1770480000000,"collectCycle":8},{"symbol":"BTC_USDT","fundingRate":-8.2e-05,"settleTime":1770451200000,"collectCycle":8},{"symbol":"BTC_USDT","fundingRate":-0.000152,"settleTime":1770422400000,"collectCycle":8},{"symbol":"BTC_USDT","fundingRate":-0.000133,"settleTime":1770393600000,"collectCycle":8},{"symbol":"BTC_USDT","fundingRate":-0.000136,"settleTime":1770364800000,"collectCycle":8},{"symbol":"BTC_USDT","fundingRate":-1.3e-05,"settleTime":1770336000000,"collectCycle":8},{"symbol":"BTC_USDT","fundingRate":-4.9e-05,"settleTime":1770307200000,"collectCycle":8},{"symbol":"BTC_USDT","fundingRate":5e-06,"settleTime":1770278400000,"collectCycle":8},{"symbol":"BTC_USDT","fundingRate":9.1e-05,"settleTime":1770249600000,"collectCycle":8}]}},"orderbook":{"asks":[[65571,13103,2],[65571.1,7424,2],[65571.2,8109,2],[65571.3,4586,1],[65571.4,4134,1],[65571.5,4217,1],[65571.7,4292,1],[65571.8,101474,1],[65572,4023,2],[65572.1,4409,1],[65572.2,4459,1],[65572.3,4237,1],[65572.4,3613,1],[65572.5,4400,1],[65572.6,4180,1],[65572.8,3613,1],[65572.9,4296,1],[65573,4389,1],[65573.1,4518,1],[65573.2,3557,1]],"bids":[[65569.4,17927,7],[65569.3,4466,1],[65569.2,4398,1],[65569.1,9123,2],[65569,4612,1],[65568.4,2328,2],[65568.3,9321,2],[65568.2,4861,1],[65568.1,4948,1],[65568,4588,1],[65567.9,4337,1],[65567.8,4008,1],[65567.7,4216,1],[65567.6,8833,2],[65567.5,9018,2],[65567.4,8839,2],[65567.3,4074,1],[65567.2,4059,1],[65567.1,4229,1],[65567,3697,1]],"version":32416183905,"timestamp":1770928755201},"orderbookHistory":{"depthCommits":[{"asks":[[65591.1,0,0]],"bids":[],"version":32416183940},{"asks":[[65574.9,4466,1]],"bids":[],"version":32416183939},{"asks":[[65575.4,4147,1]],"bids":[],"version":32416183938},{"asks":[[65571,10907,2]],"bids":[],"version":32416183937},{"asks":[],"bids":[[65570.9,13194,8]],"version":32416183936},{"asks":[],"bids":[[65569.9,1527,1]],"version":32416183935},{"asks":[],"bids":[[65569.4,14639,3]],"version":32416183934},{"asks":[],"bids":[[65557.8,0,0]],"version":32416183933},{"asks":[],"bids":[[65570.9,13457,8]],"version":32416183932},{"asks":[],"bids":[[65570.9,13442,7]],"version":32416183931},{"asks":[],"bids":[[65541.4,1,1]],"version":32416183930},{"asks":[],"bids":[[65570.9,13627,8]],"version":32416183929},{"asks":[],"bids":[[65570.9,12805,7]],"version":32416183928},{"asks":[],"bids":[[65570.9,11983,6]],"version":32416183927},{"asks":[],"bids":[[65570.9,11161,5]],"version":32416183926},{"asks":[],"bids":[[65568.4,1527,1]],"version":32416183925},{"asks":[],"bids":[[65567,3697,1]],"version":32416183924},{"asks":[],"bids":[[65541.4,4808,2]],"version":32416183923},{"asks":[[65637,5476,2]],"bids":[],"version":32416183922},{"asks":[],"bids":[[65569.4,14654,4]],"version":32416183921},{"asks":[[65591.1,3661,1]],"bids":[],"version":32416183920},{"asks":[],"bids":[[65569.4,15476,5]],"version":32416183919},{"asks":[],"bids":[[65569.4,16298,6]],"version":32416183918},{"asks":[[65574.9,7672,2]],"bids":[],"version":32416183917},{"asks":[],"bids":[[65569.4,17120,7]],"version":32416183916},{"asks":[[65580.7,15,1]],"bids":[],"version":32416183915},{"asks":[],"bids":[[65570.9,10339,4]],"version":32416183914},{"asks":[],"bids":[[65567,8808,2]],"version":32416183913},{"asks":[],"bids":[[65570.9,5263,3]],"version":32416183912},{"asks":[],"bids":[[65570.9,5078,2]],"version":32416183911},{"asks":[],"bids":[[65570.9,2539,1]],"version":32416183910},{"asks":[],"bids":[[65569.4,17942,8]],"version":32416183909},{"asks":[],"bids":[[65569.1,4046,1]],"version":32416183908},{"asks":[[65571,12889,2]],"bids":[],"version":32416183907},{"asks":[[65636.7,0,0]],"bids":[],"version":32416183906},{"asks":[],"bids":[[65569.1,9123,2]],"version":32416183905},{"asks":[],"bids":[[65568.9,0,0]],"version":32416183904},{"asks":[],"bids":[[65556,2,1]],"version":32416183903},{"asks":[[65575.4,5674,2]],"bids":[],"version":32416183902},{"asks":[[65569.5,0,0],[65571,13103,2]],"bids":[],"version":32416183901},{"asks":[[65585.4,3,1]],"bids":[],"version":32416183900},{"asks":[[65573.1,4518,1]],"bids":[],"version":32416183899},{"asks":[[65576.9,6233,2]],"bids":[],"version":32416183898},{"asks":[[65576.9,4706,1]],"bids":[],"version":32416183897},{"asks":[],"bids":[[65565.9,16,1]],"version":32416183896},{"asks":[],"bids":[[65561.5,0,0]],"version":32416183895},{"asks":[[65669.2,5339,2]],"bids":[],"version":32416183894},{"asks":[],"bids":[[65115.2,1,1]],"version":32416183893},{"asks":[],"bids":[[65113.3,0,0]],"version":32416183892},{"asks":[],"bids":[[65102.2,0,0]],"version":32416183891},{"asks":[],"bids":[[65417.4,1045564,1]],"version":32416183890},{"asks":[],"bids":[[65428.5,964948,1]],"version":32416183889},{"asks":[],"bids":[[65439.7,1486209,2]],"version":32416183888},{"asks":[[65699.8,0,0]],"bids":[],"version":32416183887},{"asks":[[65697.9,0,0]],"bids":[],"version":32416183886},{"asks":[[65686.8,0,0]],"bids":[],"version":32416183885},{"asks":[[65668.8,5201,1]],"bids":[],"version":32416183884},{"asks":[],"bids":[[65568.3,9321,2]],"version":32416183883},{"asks":[[66026.3,1169264,1]],"bids":[],"version":32416183882},{"asks":[[66015.1,1032959,1]],"bids":[],"version":32416183881}],"polled":{"seconds":60,"stepSec":2.0,"levels":20,"snapshots":[{"timestamp":1770928818505,"version":32416229155,"bids":[[65583,2,1],[65580,6,2],[65578.7,8851,2],[65578.6,8830,2],[65578.5,8937,2],[65578.4,4131,1],[65578.3,4317,1],[65578.2,5081,1],[65578,9516,1],[65577.9,4165,1],[65577.8,9252,2],[65577.7,9002,2],[65577.6,8377,2],[65577.5,8686,2],[65577.4,8838,2],[65577.3,8348,2],[65577.2,8938,2],[65577.1,110257,3],[65577,8904,2],[65576.9,8835,2]],"asks":[[65583.6,4424,1],[65583.7,4061,1],[65583.8,3952,1],[65583.9,9342,2],[65584,8790,2],[65584.1,7788,2],[65584.2,9682,2],[65584.3,8762,2],[65584.4,9249,3],[65584.5,4525,1],[65584.6,6612,2],[65584.7,4055,1],[65584.8,8236,2],[65584.9,8892,2],[65585,3919,1],[65585.1,4975,1],[65585.2,4166,1],[65585.3,4578,1],[65585.4,4072,1],[65585.5,4290,1]]},{"timestamp":1770928820823,"version":32416236540,"bids":[[65597.8,13668,2],[65597.7,8750,2],[65597.6,7500,2],[65597.5,3842,1],[65597.1,4231,1],[65597,4661,1],[65596.9,105295,2],[65596.8,4316,1],[65596.7,4376,1],[65596.6,4323,1],[65596.5,3876,1],[65596.4,3695,1],[65596.3,4579,1],[65596.2,3678,1],[65596.1,3737,1],[65596,4574,1],[65595.9,4297,1],[65595.8,4209,1],[65595.7,4511,1],[65595.6,3991,1]],"asks":[[65597.9,15179,2],[65598,4652,1],[65598.1,3906,1],[65598.2,4473,1],[65598.3,4676,1],[65598.4,4083,1],[65598.5,3741,1],[65598.6,4231,1],[65598.7,106094,2],[65598.8,3862,1],[65598.9,4316,1],[65599,4376,1],[65599.1,4323,1],[65599.2,4338,2],[65599.3,12813,3],[65599.4,13187,3],[65599.5,12564,3],[65599.6,5264,2],[65599.7,4574,1],[65599.8,4297,1]]},{"timestamp":1770928822988,"version":32416238120,"bids":[[65597.8,19959,3],[65597.7,8135,2],[65597.6,8218,2],[65597.5,4420,1],[65597.4,5225,2],[65597.3,3575,1],[65597.2,4497,1],[65597.1,3709,1],[65597,3578,1],[65596.9,105110,2],[65596.8,4276,1],[65596.7,4431,1],[65596.6,4026,1],[65596.5,4629,1],[65596.4,4180,1],[65596,3709,1],[65595.9,4406,1],[65595.8,4075,1],[65595.7,4398,1],[65595.6,5752,2]],"asks":[[65597.9,10938,1],[65598,3884,1],[65598.1,3854,1],[65598.3,4253,1],[65598.4,4091,1],[65598.5,4330,1],[65598.6,4360,1],[65598.7,105495,2],[65598.8,4159,1],[65598.9,4604,1],[65599,4310,1],[65600,4573,5],[65600.1,4245,1],[65600.2,3701,1],[65600.3,4406,1],[65600.4,8614,2],[65600.5,8547,2],[65600.6,8415,2],[65600.7,3698,1],[65600.8,7904,2]]},{"timestamp":1770928825275,"version":32416243080,"bids":[[65629.3,10714,3],[65629.2,9951,2],[65629.1,4983,1],[65629,4038,1],[65628.9,4435,1],[65628.8,4256,1],[65628.7,4266,1],[65628.6,5103,1],[65628.5,4095,1],[65628.4,3841,1],[65628.3,5080,1],[65628.2,4305,1],[65628.1,4899,1],[65628,29319,3],[65627.9,3801,1],[65627.8,4882,1],[65627.7,4804,1],[65627.6,4031,1],[65627.5,4126,1],[65627.4,4262,1]],"asks":[[65629.4,177,1],[65629.7,6,1],[65633,705,1],[65634,14875,2],[65634.1,8194,2],[65634.2,8011,2],[65634.3,4573,1],[65634.4,4446,1],[65634.5,3670,1],[65634.6,3740,1],[65634.8,101377,1],[65635,4374,1],[65635.1,4430,1],[65635.2,3704,1],[65635.3,4488,1],[65635.4,4306,1],[65635.5,4190,1],[65635.6,5673,3],[65635.7,3968,1],[65635.8,3921,1]]},{"timestamp":1770928827553,"version":32416244353,"bids":[[65626.6,11251,1],[65626.5,3507,1],[65626.4,4236,1],[65626.3,3908,1],[65626.2,4704,1],[65626.1,4424,1],[65626,4159,1],[65625.9,4314,1],[65625.8,4072,1],[65625.7,106017,2],[65625.6,4170,1],[65625.5,4537,1],[65625.4,3562,1],[65625.3,4324,1],[65625.2,3577,1],[65625.1,4709,1],[65625,3585,1],[65624.9,3975,1],[65624.8,4281,1],[65624.7,4215,1]],"asks":[[65626.7,10945,1],[65626.8,3507,1],[65626.9,4236,1],[65627,3908,1],[65627.1,4704,1],[65627.2,4424,1],[65627.3,4159,1],[65627.4,4314,1],[65627.5,105460,2],[65627.6,4629,1],[65627.7,4170,1],[65627.8,4537,1],[65627.9,3562,1],[65628,4324,1],[65628.1,5104,2],[65628.2,4709,1],[65628.3,3585,1],[65628.4,3975,1],[65628.5,4281,1],[65628.6,4215,1]]},{"timestamp":1770928829834,"version":32416247110,"bids":[[65641.4,4095,1],[65641.3,5018,1],[65641.2,4660,1],[65640,4581,1],[65639,4927,1],[65638.1,22852,1],[65637.5,3993,4],[65637.4,2574,1],[65637.3,2914,1],[65637.2,2663,1],[65637.1,2405,1],[65637,2379,1],[65636.9,2364,1],[65636.8,2331,1],[65636.7,2531,1],[65636.6,2640,1],[65636.5,3003,1],[65636.4,2709,1],[65636.3,2958,1],[65636.2,2951,1]],"asks":[[65642.8,1527,1],[65644.1,9917,1],[65644.2,8647,3],[65644.3,8719,2],[65644.4,3643,1],[65644.5,4258,1],[65644.6,4482,1],[65644.7,3576,1],[65644.8,4688,1],[65644.9,107144,3],[65645,3846,1],[65645.1,4633,1],[65645.2,3641,1],[65645.5,1,1],[65645.6,4085,1],[65645.7,4703,1],[65645.8,3827,1],[65645.9,3749,1],[65646,4444,1],[65646.1,4391,1]]},{"timestamp":1770928832264,"version":32416250380,"bids":[[65620,10352,1],[65617.9,1,1],[65617.6,3902,1],[65617.5,5423,2],[65617.4,4431,1],[65617.3,4567,1],[65617.2,3991,1],[65617.1,4437,1],[65617,14406,2],[65616.9,9434,2],[65616.8,8720,2],[65616.7,9252,2],[65616.6,9129,2],[65616.5,9256,2],[65616.4,8644,2],[65616.3,7616,2],[65616.2,9098,2],[65616.1,110204,3],[65616,10498,3],[65615.9,9429,2]],"asks":[[65623.6,15145,7],[65623.7,17542,4],[65623.8,7393,2],[65623.9,7883,2],[65624,7011,2],[65624.1,8256,3],[65624.2,7518,2],[65624.3,7596,2],[65624.4,6937,2],[65624.5,8138,2],[65624.6,6685,2],[65624.7,7087,2],[65624.8,6957,2],[65624.9,6871,2],[65625,7882,2],[65625.1,6972,2],[65625.2,6620,2],[65625.3,7457,2],[65625.4,7789,2],[65625.5,7389,2]]},{"timestamp":1770928834541,"version":32416251800,"bids":[[65613.6,8290,2],[65613.5,9169,2],[65613.4,10071,2],[65613.3,4145,1],[65613.2,4304,1],[65613.1,4830,1],[65613,4064,1],[65612.9,4046,1],[65612.8,4459,1],[65612.7,3972,1],[65612.6,4688,1],[65612.5,4400,1],[65612.4,4282,1],[65612.3,4740,1],[65612.2,4703,2],[65612.1,3994,1],[65612,3881,1],[65611.9,4376,1],[65611.8,4463,1],[65611.7,4936,1]],"asks":[[65613.7,8455,4],[65613.8,6588,1],[65614.1,1527,1],[65615.6,4161,2],[65615.7,2575,1],[65615.8,2513,1],[65615.9,2754,1],[65616,3132,1],[65616.1,2836,1],[65616.2,2563,1],[65616.6,2886,1],[65616.7,2937,1],[65616.8,2655,1],[65616.9,2678,1],[65617,2480,1],[65617.1,4381,2],[65617.2,2723,1],[65617.3,2335,1],[65617.4,2398,1],[65617.5,7940,2]]},{"timestamp":1770928836792,"version":32416253306,"bids":[[65601.7,9009,1],[65601.6,3816,1],[65601.5,4269,1],[65601.4,4361,1],[65601.3,4167,1],[65601.2,4368,1],[65601.1,4717,1],[65601,3841,1],[65600.9,4279,1],[65600.8,105859,2],[65600.7,3998,1],[65600.6,3841,1],[65600.5,4165,1],[65600.4,4535,1],[65600.3,3843,1],[65600.2,4345,1],[65600.1,4083,1],[65600,3690,3],[65599.9,3883,1],[65599.8,4398,1]],"asks":[[65601.8,16218,4],[65601.9,3816,1],[65602,4269,1],[65602.1,4361,1],[65602.2,4167,1],[65602.3,4368,1],[65602.4,4717,1],[65602.5,3841,1],[65602.6,105706,2],[65602.7,4432,1],[65602.8,3998,1],[65602.9,3841,1],[65603,4165,1],[65603.1,4535,1],[65603.2,3843,1],[65603.3,4345,1],[65603.4,4083,1],[65603.5,3684,1],[65603.6,3883,1],[65603.7,4398,1]]},{"timestamp":1770928839093,"version":32416254845,"bids":[[65601.7,11335,1],[65601.6,4008,1],[65601.5,4559,1],[65601.4,3666,1],[65601.3,4187,1],[65601.2,4664,1],[65601.1,3812,1],[65601,4285,1],[65600.9,5932,2],[65600.8,105347,2],[65600.7,4689,1],[65600.6,4596,1],[65600.5,3985,1],[65600.4,3546,1],[65600.3,4546,1],[65600.2,4590,1],[65600.1,4114,1],[65600,4621,3],[65599.9,4694,1],[65599.8,3713,1]],"asks":[[65601.8,6460,2],[65601.9,5610,1],[65602.1,2466,3],[65604.3,4336,1],[65604.4,4287,1],[65604.5,3851,1],[65604.6,4603,1],[65604.7,4352,1],[65604.8,4441,1],[65604.9,4087,1],[65605,5391,3],[65605.1,8752,2],[65605.2,4042,1],[65605.3,4347,1],[65605.4,5732,2],[65605.5,4707,1],[65605.6,4877,1],[65605.7,4697,1],[65605.8,3808,1],[65605.9,5093,1]]},{"timestamp":1770928841338,"version":32416255970,"bids":[[65600.1,11967,7],[65600,4626,3],[65599,1527,1],[65598.8,3,1],[65598.6,9614,1],[65598.5,3742,1],[65598.4,3732,1],[65598.3,4103,1],[65598.2,4710,1],[65598.1,4167,1],[65598,3883,1],[65597.9,3939,1],[65597.8,3889,1],[65597.7,105743,2],[65597.6,3551,1],[65597.5,4672,1],[65597.4,3648,1],[65597.3,4052,1],[65597.2,4160,1],[65597.1,4231,1]],"asks":[[65600.2,4231,1],[65600.3,4091,1],[65600.4,4528,1],[65600.5,3887,1],[65600.6,4245,1],[65600.7,3717,1],[65600.8,4663,1],[65600.9,4521,1],[65601,3854,1],[65601.1,3638,1],[65601.2,8569,2],[65601.3,8299,2],[65601.4,9016,2],[65601.5,8568,2],[65601.6,8715,2],[65601.7,3902,1],[65601.8,4154,1],[65601.9,4017,1],[65602,4360,1],[65602.1,4625,1]]},{"timestamp":1770928843520,"version":32416258065,"bids":[[65609.3,14243,9],[65607.6,9398,2],[65606.9,2887,1],[65606.8,4403,2],[65606.7,2816,1],[65606.3,2641,1],[65606.2,2504,1],[65606.1,2793,1],[65606,2833,1],[65605.9,2943,1],[65605.8,2687,1],[65605.7,2830,1],[65605.6,7278,2],[65605.5,2492,1],[65605.4,3112,1],[65605.3,2539,1],[65605.2,3110,1],[65605.1,2600,1],[65605,2804,1],[65604.8,1527,1]],"asks":[[65609.4,6245,2],[65609.5,9345,2],[65609.6,8840,2],[65609.7,4595,1],[65609.8,4268,1],[65609.9,3816,1],[65610,5071,1],[65610.1,4020,1],[65610.2,4069,1],[65610.3,4527,1],[65610.4,4314,1],[65610.8,5126,1],[65610.9,4221,1],[65611,4345,1],[65611.1,4030,1],[65611.2,4054,1],[65611.3,5104,1],[65611.4,4360,1],[65611.5,4825,1],[65611.6,3996,1]]},{"timestamp":1770928845995,"version":32416259910,"bids":[[65606.9,9289,1],[65606.8,4624,1],[65606.7,3498,1],[65606.6,4378,1],[65606.5,4071,1],[65606.4,4132,1],[65606.3,3735,1],[65606.2,4375,1],[65606.1,4263,1],[65606,105141,2],[65605.9,4501,1],[65605.8,3522,1],[65605.7,3932,1],[65605.6,4285,1],[65605.5,3803,1],[65605.4,3809,1],[65605.3,3649,1],[65605.2,4003,1],[65605.1,3822,1],[65605,4668,1]],"asks":[[65607,15361,4],[65607.1,4624,1],[65607.2,3498,1],[65607.3,4378,1],[65607.4,4071,1],[65607.5,4132,1],[65607.6,3735,1],[65607.7,4375,1],[65607.8,105682,2],[65607.9,3722,1],[65608,4501,1],[65608.1,3522,1],[65608.2,3932,1],[65608.3,4285,1],[65608.4,3803,1],[65608.5,3809,1],[65608.6,3649,1],[65608.7,4003,1],[65608.8,3822,1],[65608.9,4668,1]]},{"timestamp":1770928848309,"version":32416262370,"bids":[[65601.4,14242,8],[65601.2,4058,1],[65601.1,3793,1],[65601,4374,1],[65600.9,3679,1],[65600.8,13968,3],[65600.7,3832,1],[65600.6,4288,1],[65600.5,4121,1],[65600.4,4565,1],[65600.3,4030,1],[65600.2,4330,1],[65600.1,4477,1],[65600,15,1],[65599.7,3875,1],[65599.6,3519,1],[65599.5,4188,1],[65599.4,1527,1],[65598.8,3,1],[65598.7,15,1]],"asks":[[65601.5,8944,2],[65601.6,9172,2],[65601.7,9854,2],[65601.8,4693,1],[65601.9,4622,1],[65602,3897,1],[65602.1,4465,1],[65602.2,4600,1],[65602.3,4431,1],[65602.4,4072,1],[65602.5,4255,1],[65602.6,5056,1],[65602.7,4990,1],[65602.8,5015,1],[65602.9,3892,1],[65603,4745,1],[65603.1,4191,1],[65603.2,17119,3],[65603.3,13830,3],[65603.4,12069,3]]},{"timestamp":1770928850607,"version":32416263015,"bids":[[65603.1,21261,6],[65603,3954,1],[65602.9,5977,2],[65602.8,3886,1],[65602.7,4179,1],[65602.6,3560,1],[65602.5,3713,1],[65602.4,4052,1],[65602.3,3793,1],[65602.2,105790,2],[65602.1,4360,1],[65602,4727,1],[65601.9,4344,1],[65601.8,3593,1],[65601.7,4031,1],[65601.6,4014,1],[65601.5,4440,1],[65601.4,5839,2],[65601.3,3966,1],[65601.2,4119,1]],"asks":[[65603.2,10897,1],[65603.3,3954,1],[65603.4,4450,1],[65603.5,3886,1],[65603.6,4179,1],[65603.7,3560,1],[65603.8,3713,1],[65603.9,4052,1],[65604,105217,2],[65604.1,4366,1],[65604.2,4360,1],[65604.3,4727,1],[65604.4,4344,1],[65604.5,3593,1],[65604.6,4031,1],[65604.7,4014,1],[65604.8,4440,1],[65604.9,4312,1],[65605,3966,1],[65605.1,4119,1]]},{"timestamp":1770928852907,"version":32416265785,"bids":[[65599.9,47,1],[65598.8,3,1],[65598.6,10015,1],[65598.5,4067,1],[65598.4,4005,1],[65598.3,3894,1],[65598.2,3575,1],[65598.1,4588,1],[65598,3498,1],[65597.9,4125,1],[65597.8,4128,1],[65597.7,104989,2],[65597.6,3884,1],[65597.5,4367,1],[65597.4,3959,1],[65597.3,3526,1],[65597.2,4262,1],[65597.1,4152,1],[65597,3863,1],[65596.9,3700,1]],"asks":[[65600,8522,5],[65600.6,4588,1],[65600.7,4530,1],[65600.8,4157,1],[65600.9,3845,1],[65601,4674,1],[65601.1,3923,1],[65601.2,8243,2],[65601.3,8574,2],[65601.4,8454,2],[65601.5,8993,2],[65601.6,8795,2],[65601.7,4941,1],[65601.8,4226,1],[65601.9,4185,1],[65602,4571,1],[65602.1,4176,1],[65602.2,3881,1],[65602.3,4109,1],[65602.4,4376,1]]},{"timestamp":1770928855123,"version":32416269835,"bids":[[65620.9,11627,1],[65620.8,3801,1],[65620.7,4641,1],[65620.6,3506,1],[65620.5,4335,1],[65620.4,4715,1],[65620.3,4438,1],[65620.2,3980,1],[65620.1,4031,1],[65620,105753,2],[65619.9,3736,1],[65619.8,3895,1],[65619.7,4650,1],[65619.6,3802,1],[65619.5,3948,1],[65619.4,4252,1],[65619.3,4097,1],[65619.2,4614,1],[65619.1,3894,1],[65619,4435,1]],"asks":[[65621,11643,2],[65621.1,3801,1],[65621.2,4641,1],[65621.3,3506,1],[65621.4,4335,1],[65621.5,4715,1],[65621.6,4438,1],[65621.7,3980,1],[65621.8,105428,2],[65621.9,4356,1],[65622,3736,1],[65622.1,3895,1],[65622.2,4650,1],[65622.3,3802,1],[65622.4,3948,1],[65622.5,4252,1],[65622.6,4097,1],[65622.7,4614,1],[65622.8,3894,1],[65622.9,4435,1]]},{"timestamp":1770928857491,"version":32416270710,"bids":[[65620.9,1698,1],[65619.8,519,1],[65617.7,15275,2],[65617.6,7690,2],[65617.5,8446,2],[65617.4,4146,1],[65617.3,4309,1],[65617.2,12816,3],[65617.1,12421,3],[65617,8504,2],[65616.9,4914,1],[65616.8,110225,3],[65616.7,8487,2],[65616.6,7823,2],[65616.5,7771,2],[65616.4,8499,2],[65616.3,8387,2],[65616.2,8303,2],[65616.1,7810,2],[65616,8923,2]],"asks":[[65621,12562,7],[65621.1,4747,1],[65621.3,4235,1],[65621.4,4007,1],[65621.5,4009,1],[65621.6,3961,1],[65622.2,1527,1],[65622.4,5015,1],[65622.5,3907,1],[65622.6,3911,1],[65622.7,4920,1],[65622.8,5007,1],[65622.9,4380,1],[65623,4443,1],[65623.1,4266,1],[65623.2,4411,1],[65623.3,3989,1],[65623.4,4404,1],[65623.8,6563,2],[65623.9,3974,1]]},{"timestamp":1770928859957,"version":32416273140,"bids":[[65605.3,18788,3],[65605.2,13721,3],[65605.1,6942,4],[65605,15,1],[65604.7,3572,1],[65604.4,102948,2],[65604.1,3699,1],[65604,4717,1],[65603.9,3947,1],[65603.8,4705,1],[65603.7,4522,1],[65603.6,3984,1],[65603.5,3572,1],[65603.4,3712,1],[65603.3,4559,1],[65603.2,3715,1],[65603.1,4362,1],[65603,4579,1],[65602.9,3581,1],[65602.8,3850,1]],"asks":[[65605.4,13108,2],[65605.5,8181,2],[65605.6,9035,2],[65605.7,3715,1],[65605.8,4362,1],[65605.9,4579,1],[65606,3581,1],[65606.1,3850,1],[65606.2,105865,2],[65606.3,4575,1],[65606.4,3958,1],[65606.5,4187,1],[65606.6,4577,1],[65606.7,4566,1],[65606.8,4101,1],[65606.9,4453,1],[65607,4482,1],[65607.1,4341,1],[65607.2,4269,1],[65607.3,4679,1]]},{"timestamp":1770928862293,"version":32416277185,"bids":[[65602.5,13562,2],[65602.4,8042,2],[65602.3,7639,2],[65602.2,3896,1],[65602.1,4373,1],[65602,4681,1],[65601.9,3846,1],[65601.8,3630,1],[65601.7,4263,1],[65601.6,105036,2],[65601.2,4154,1],[65601.1,3539,1],[65601,4070,1],[65600.9,3956,1],[65600.8,4349,1],[65600.7,3568,1],[65600.6,3566,1],[65600.5,4382,1],[65600.4,3976,1],[65600.3,4348,1]],"asks":[[65602.6,19345,6],[65602.7,8826,2],[65602.8,3554,1],[65602.9,3698,1],[65603,4500,1],[65603.1,4184,1],[65603.2,4310,1],[65603.3,3528,1],[65603.4,105320,2],[65603.5,4706,1],[65603.6,4121,1],[65603.7,3599,1],[65603.8,4670,1],[65603.9,4154,1],[65604,3539,1],[65604.1,4070,1],[65604.2,3956,1],[65604.6,4713,1],[65604.7,3871,1],[65604.8,4208,1]]},{"timestamp":1770928864492,"version":32416279680,"bids":[[65600,6,2],[65599.9,47,1],[65598.8,3,1],[65598.7,14577,2],[65598.6,8768,2],[65598.5,7553,2],[65598.4,4304,1],[65598.3,3793,1],[65598.2,4710,1],[65598.1,4226,1],[65598,4415,1],[65597.9,3861,1],[65597.8,105649,2],[65597.7,4581,1],[65597.6,4069,1],[65597.5,4366,1],[65597.4,4017,1],[65597,4368,1],[65596.9,4302,1],[65596.8,6246,2]],"asks":[[65600.1,12389,7],[65600.2,4691,1],[65600.5,4318,1],[65600.6,3655,1],[65600.7,3634,1],[65600.8,3981,1],[65600.9,3593,1],[65601,4389,1],[65601.1,4063,1],[65601.2,4582,1],[65601.3,7519,2],[65601.4,9415,2],[65601.5,9173,2],[65601.6,8388,2],[65601.7,8721,2],[65601.8,7886,2],[65601.9,8334,2],[65602,7884,2],[65602.1,9206,2],[65602.2,4286,1]]},{"timestamp":1770928866719,"version":32416281175,"bids":[[65604.5,3241,3],[65604.4,5174,2],[65604.3,4646,1],[65604.2,4655,1],[65604.1,4475,1],[65604,4055,1],[65603.9,3901,1],[65603.8,4263,1],[65603.7,3759,1],[65603.6,104975,2],[65603.5,3841,1],[65603.4,4224,1],[65603.3,4566,1],[65603.2,4105,1],[65603.1,4051,1],[65603,4493,1],[65602.9,4004,1],[65602.8,5711,2],[65602.7,3637,1],[65602.6,3702,1]],"asks":[[65604.6,14600,2],[65604.7,8231,2],[65604.8,9165,2],[65604.9,3514,1],[65605.3,4263,1],[65605.4,105181,2],[65605.5,3553,1],[65605.6,3841,1],[65605.7,4224,1],[65605.8,4566,1],[65605.9,4105,1],[65606,4051,1],[65606.1,4493,1],[65606.2,4004,1],[65606.3,4184,1],[65606.4,3637,1],[65606.5,3702,1],[65606.6,3911,1],[65606.7,4142,1],[65606.8,3710,1]]},{"timestamp":1770928868851,"version":32416282660,"bids":[[65600,6,2],[65599.9,47,1],[65598.8,3,1],[65598.6,14699,2],[65598.5,9089,2],[65598.4,7633,2],[65598.3,3776,1],[65598.2,3995,1],[65598.1,4090,1],[65598,4275,1],[65597.9,3860,1],[65597.8,3810,1],[65597.7,105910,2],[65597.6,4213,1],[65597.5,3810,1],[65597.1,3762,1],[65597,3609,1],[65596.9,4330,1],[65596.8,4090,1],[65596.7,3832,1]],"asks":[[65600.1,15308,7],[65600.4,4615,1],[65600.5,4018,1],[65600.6,4690,1],[65600.7,4631,1],[65600.8,3753,1],[65600.9,4509,1],[65601,3935,1],[65601.1,4026,1],[65601.2,8231,2],[65601.3,10252,3],[65601.4,8179,2],[65601.5,8235,2],[65601.6,4603,1],[65601.7,4168,1],[65601.8,4576,1],[65601.9,8371,2],[65602,7843,2],[65602.1,8337,2],[65602.2,8788,2]]},{"timestamp":1770928871317,"version":32416289030,"bids":[[65636.9,18829,6],[65636.8,16917,4],[65636.7,8793,2],[65636.6,9211,2],[65636.5,8398,2],[65636.4,9477,2],[65636.3,9035,2],[65636.2,4666,1],[65636.1,4348,1],[65636,5766,2],[65635.9,4575,1],[65635.8,4905,1],[65635.7,5024,1],[65635.6,3890,1],[65635.5,3919,1],[65635.1,5032,1],[65635,4612,1],[65634.9,3854,1],[65634.8,3919,1],[65634.7,3964,1]],"asks":[[65637,2,1],[65639,3,1],[65639.6,12975,2],[65639.7,8957,2],[65639.8,7805,2],[65639.9,4104,1],[65640,4286,3],[65640.1,3664,1],[65640.2,3868,1],[65640.3,4354,1],[65640.4,105424,2],[65640.5,4370,1],[65640.6,3614,1],[65640.7,4053,1],[65641.1,3900,1],[65641.2,3552,1],[65641.3,4210,1],[65641.4,4153,1],[65641.5,3640,1],[65641.6,3762,1]]},{"timestamp":1770928873674,"version":32416292085,"bids":[[65649.1,5045,1],[65649,4949,1],[65648.9,18985,3],[65648.8,12925,3],[65648.7,12199,3],[65648.6,8402,2],[65648.5,9498,2],[65648.4,8247,2],[65648.3,8246,2],[65648.2,7811,2],[65648.1,9245,2],[65648,105742,2],[65647.9,4392,1],[65647.8,4946,1],[65647.7,8949,2],[65647.6,8673,2],[65647.5,9586,2],[65647.4,30803,3],[65647.3,8987,2],[65647.2,7874,2]],"asks":[[65649.3,3507,1],[65649.4,3511,1],[65649.5,11745,2],[65649.6,3604,1],[65649.7,3804,1],[65649.8,105393,2],[65649.9,3870,1],[65650,4339,1],[65650.1,4637,1],[65650.2,3620,1],[65650.3,3496,1],[65650.4,1527,1],[65652.4,6067,2],[65652.5,4232,1],[65654.8,1527,1],[65655.1,588,1],[65655.5,3223,2],[65655.6,3210,2],[65655.7,3210,3],[65655.8,3126,1]]},{"timestamp":1770928876035,"version":32416294070,"bids":[[65644.8,12344,6],[65644.7,4615,1],[65643.2,9507,1],[65643.1,3592,1],[65643,4594,1],[65642.9,3622,1],[65642.8,4388,1],[65642.7,4554,1],[65642.6,4251,1],[65642.5,3923,1],[65642.4,4119,1],[65642.3,105784,2],[65642.2,4567,1],[65642.1,4382,1],[65642,4193,1],[65641.9,5900,2],[65641.8,3933,1],[65641.7,4093,1],[65641.6,4328,1],[65641.5,4583,1]],"asks":[[65644.9,4328,1],[65645,4583,1],[65645.1,3496,1],[65645.2,3618,1],[65645.3,3692,1],[65645.4,4334,1],[65645.5,3651,1],[65645.6,4050,1],[65645.7,3721,1],[65645.8,8877,2],[65645.9,9690,2],[65646,8724,2],[65646.1,7923,2],[65646.2,8926,2],[65646.3,4677,1],[65646.4,4267,1],[65646.5,4088,1],[65646.6,3910,1],[65646.7,3821,1],[65646.8,4079,1]]},{"timestamp":1770928878395,"version":32416296600,"bids":[[65634.3,9730,1],[65634.2,3744,1],[65634.1,4091,1],[65634,4570,1],[65633.9,3742,1],[65633.8,3718,1],[65633.7,3728,1],[65633.6,4593,1],[65633.5,4578,1],[65633.4,105594,2],[65633,4491,1],[65632.9,4551,1],[65632.8,4725,1],[65632.7,4340,1],[65632.6,3640,1],[65632.5,3916,1],[65632.4,4051,1],[65632.3,4254,1],[65632.2,4039,1],[65632.1,3888,1]],"asks":[[65634.4,1527,1],[65636,1527,1],[65636.9,35,1],[65637,15896,4],[65637.1,17621,4],[65637.2,8239,2],[65637.3,8551,2],[65637.4,4005,1],[65637.5,3943,1],[65637.6,4337,1],[65637.7,3897,1],[65637.8,4674,1],[65637.9,4361,1],[65638,5436,2],[65638.4,4594,1],[65638.5,4835,1],[65638.6,4238,1],[65638.7,3932,1],[65638.8,4686,1],[65638.9,4953,1]]}]}},"trades":[{"p":65571,"v":214,"T":1,"O":3,"M":2,"t":1770928755201,"i":"13362353912"},{"p":65571,"v":11,"T":1,"O":1,"M":2,"t":1770928755174,"i":"13362353900"},{"p":65569.5,"v":2,"T":1,"O":1,"M":2,"t":1770928755174,"i":"13362353899"},{"p":65568.9,"v":71,"T":2,"O":3,"M":2,"t":1770928754971,"i":"13362353863"},{"p":65566.5,"v":345,"T":1,"O":3,"M":2,"t":1770928754679,"i":"13362353835"},{"p":65563.1,"v":46,"T":2,"O":3,"M":2,"t":1770928754550,"i":"13362353808"},{"p":65568.7,"v":8,"T":1,"O":3,"M":1,"t":1770928754077,"i":"13362353710"},{"p":65568.6,"v":10,"T":1,"O":3,"M":1,"t":1770928753576,"i":"13362353668"},{"p":65568.7,"v":102,"T":1,"O":2,"M":2,"t":1770928753242,"i":"13362353635"},{"p":65568.7,"v":10,"T":1,"O":3,"M":1,"t":1770928753078,"i":"13362353594"},{"p":65568.6,"v":1287,"T":2,"O":1,"M":2,"t":1770928752674,"i":"13362353561"},{"p":65568.7,"v":1175,"T":1,"O":3,"M":2,"t":1770928752631,"i":"13362353560"},{"p":65568.7,"v":120,"T":1,"O":3,"M":2,"t":1770928752470,"i":"13362353535"},{"p":65568.6,"v":6,"T":2,"O":3,"M":1,"t":1770928752077,"i":"13362353454"},{"p":65568.6,"v":4,"T":2,"O":3,"M":1,"t":1770928752077,"i":"13362353453"},{"p":65568.7,"v":389,"T":1,"O":2,"M":2,"t":1770928751948,"i":"13362353443"},{"p":65568.6,"v":57,"T":2,"O":3,"M":2,"t":1770928751761,"i":"13362353424"},{"p":65568.6,"v":539,"T":2,"O":3,"M":2,"t":1770928751761,"i":"13362353423"},{"p":65567.3,"v":1,"T":2,"O":3,"M":1,"t":1770928751576,"i":"13362353395"},{"p":65568.4,"v":5,"T":2,"O":3,"M":1,"t":1770928751078,"i":"13362353318"},{"p":65568.3,"v":5,"T":2,"O":3,"M":1,"t":1770928751078,"i":"13362353317"},{"p":65568.7,"v":11,"T":1,"O":3,"M":2,"t":1770928750973,"i":"13362353309"},{"p":65568.7,"v":11,"T":1,"O":2,"M":2,"t":1770928750880,"i":"13362353307"},{"p":65568.7,"v":4504,"T":1,"O":3,"M":2,"t":1770928750866,"i":"13362353306"},{"p":65567.3,"v":16,"T":1,"O":1,"M":2,"t":1770928750866,"i":"13362353305"},{"p":65567.3,"v":765,"T":1,"O":1,"M":2,"t":1770928750866,"i":"13362353304"},{"p":65567.2,"v":4,"T":2,"O":3,"M":1,"t":1770928750078,"i":"13362353221"},{"p":65567.2,"v":2,"T":2,"O":3,"M":1,"t":1770928750078,"i":"13362353220"},{"p":65567.2,"v":3,"T":2,"O":3,"M":1,"t":1770928750078,"i":"13362353219"},{"p":65567.3,"v":762,"T":1,"O":1,"M":2,"t":1770928749857,"i":"13362353213"},{"p":65567.3,"v":1,"T":1,"O":3,"M":1,"t":1770928749576,"i":"13362353181"},{"p":65567.2,"v":8,"T":2,"O":3,"M":1,"t":1770928749078,"i":"13362353119"},{"p":65568.6,"v":10,"T":2,"O":3,"M":1,"t":1770928748077,"i":"13362352992"},{"p":65568.7,"v":58,"T":1,"O":3,"M":2,"t":1770928748046,"i":"13362352986"},{"p":65568.7,"v":19,"T":1,"O":1,"M":2,"t":1770928748007,"i":"13362352980"},{"p":65566.9,"v":1,"T":1,"O":1,"M":2,"t":1770928748007,"i":"13362352979"},{"p":65563.1,"v":6,"T":1,"O":3,"M":2,"t":1770928748007,"i":"13362352978"},{"p":65560.5,"v":2,"T":1,"O":2,"M":2,"t":1770928747809,"i":"13362352949"},{"p":65560,"v":144,"T":1,"O":3,"M":2,"t":1770928747809,"i":"13362352948"},{"p":65560,"v":194,"T":1,"O":1,"M":2,"t":1770928747367,"i":"13362352891"},{"p":65560,"v":1,"T":1,"O":3,"M":2,"t":1770928747367,"i":"13362352890"},{"p":65560,"v":5,"T":1,"O":3,"M":2,"t":1770928747367,"i":"13362352889"},{"p":65558.6,"v":3,"T":1,"O":2,"M":2,"t":1770928747259,"i":"13362352862"},{"p":65556,"v":2,"T":1,"O":3,"M":2,"t":1770928746809,"i":"13362352792"},{"p":65545.7,"v":1650,"T":1,"O":3,"M":2,"t":1770928745730,"i":"13362352617"},{"p":65545.7,"v":6509,"T":1,"O":3,"M":2,"t":1770928745260,"i":"13362352558"},{"p":65545.6,"v":10,"T":2,"O":3,"M":1,"t":1770928745078,"i":"13362352515"},{"p":65545.8,"v":198,"T":1,"O":3,"M":2,"t":1770928744423,"i":"13362352457"},{"p":65545.8,"v":6,"T":1,"O":3,"M":1,"t":1770928744078,"i":"13362352391"},{"p":65545.6,"v":1389,"T":2,"O":3,"M":2,"t":1770928743451,"i":"13362352347"},{"p":65545.7,"v":3,"T":2,"O":3,"M":1,"t":1770928743077,"i":"13362352279"},{"p":65545.7,"v":3,"T":2,"O":3,"M":1,"t":1770928743077,"i":"13362352278"},{"p":65545.8,"v":163,"T":1,"O":3,"M":2,"t":1770928742839,"i":"13362352246"},{"p":65545.7,"v":8823,"T":1,"O":3,"M":2,"t":1770928742839,"i":"13362352245"},{"p":65545.6,"v":61,"T":2,"O":1,"M":2,"t":1770928742743,"i":"13362352235"},{"p":65545.6,"v":15,"T":2,"O":1,"M":2,"t":1770928742743,"i":"13362352234"},{"p":65545.6,"v":8,"T":2,"O":3,"M":1,"t":1770928742578,"i":"13362352209"},{"p":65545.7,"v":2,"T":1,"O":3,"M":1,"t":1770928742076,"i":"13362352128"},{"p":65536.4,"v":762,"T":1,"O":1,"M":2,"t":1770928741397,"i":"13362352068"},{"p":65536.4,"v":12,"T":1,"O":3,"M":1,"t":1770928741076,"i":"13362352002"},{"p":65536.1,"v":199,"T":1,"O":3,"M":2,"t":1770928740266,"i":"13362351913"},{"p":65536.1,"v":137,"T":1,"O":3,"M":2,"t":1770928740078,"i":"13362351843"},{"p":65536,"v":5,"T":2,"O":3,"M":1,"t":1770928740077,"i":"13362351842"},{"p":65535.1,"v":720,"T":1,"O":3,"M":2,"t":1770928739246,"i":"13362351724"},{"p":65535.1,"v":21,"T":1,"O":3,"M":1,"t":1770928739078,"i":"13362351680"},{"p":65535,"v":152,"T":2,"O":3,"M":2,"t":1770928738537,"i":"13362351626"},{"p":65535,"v":52,"T":2,"O":1,"M":2,"t":1770928738138,"i":"13362351541"},{"p":65535,"v":6,"T":2,"O":1,"M":2,"t":1770928738102,"i":"13362351512"},{"p":65535,"v":15,"T":2,"O":1,"M":2,"t":1770928738102,"i":"13362351511"},{"p":65535,"v":4,"T":2,"O":3,"M":1,"t":1770928738077,"i":"13362351510"},{"p":65535,"v":11,"T":2,"O":3,"M":1,"t":1770928738075,"i":"13362351509"},{"p":65535.1,"v":305,"T":1,"O":3,"M":2,"t":1770928737515,"i":"13362351468"},{"p":65532.5,"v":11,"T":1,"O":3,"M":1,"t":1770928737076,"i":"13362351389"},{"p":65532.4,"v":4,"T":1,"O":3,"M":1,"t":1770928736579,"i":"13362351175"},{"p":65532.4,"v":3,"T":2,"O":3,"M":1,"t":1770928736577,"i":"13362351174"},{"p":65532.4,"v":3,"T":1,"O":3,"M":1,"t":1770928736576,"i":"13362351172"},{"p":65532.5,"v":1,"T":2,"O":3,"M":1,"t":1770928736576,"i":"13362351171"},{"p":65532.4,"v":4,"T":2,"O":3,"M":1,"t":1770928736575,"i":"13362351170"},{"p":65535.1,"v":5,"T":1,"O":1,"M":2,"t":1770928735935,"i":"13362351071"},{"p":65535,"v":30,"T":2,"O":3,"M":2,"t":1770928735325,"i":"13362351030"},{"p":65535.1,"v":259,"T":1,"O":3,"M":2,"t":1770928735103,"i":"13362350974"},{"p":65535.1,"v":12,"T":1,"O":3,"M":1,"t":1770928735077,"i":"13362350973"},{"p":65535.9,"v":1388,"T":1,"O":1,"M":2,"t":1770928734640,"i":"13362350944"},{"p":65535,"v":12,"T":2,"O":3,"M":1,"t":1770928734078,"i":"13362350827"},{"p":65539.9,"v":500,"T":2,"O":1,"M":2,"t":1770928733710,"i":"13362350790"},{"p":65540,"v":13,"T":1,"O":3,"M":1,"t":1770928733581,"i":"13362350773"},{"p":65541.9,"v":84,"T":1,"O":3,"M":2,"t":1770928732556,"i":"13362350656"},{"p":65543.8,"v":299,"T":1,"O":2,"M":2,"t":1770928732489,"i":"13362350649"},{"p":65551.4,"v":1480,"T":1,"O":2,"M":2,"t":1770928732258,"i":"13362350605"},{"p":65551,"v":6,"T":2,"O":3,"M":1,"t":1770928732079,"i":"13362350523"},{"p":65551.3,"v":2,"T":1,"O":3,"M":1,"t":1770928732079,"i":"13362350522"},{"p":65551,"v":2,"T":1,"O":3,"M":1,"t":1770928732079,"i":"13362350521"},{"p":65551.9,"v":305,"T":1,"O":3,"M":2,"t":1770928731411,"i":"13362350481"},{"p":65554,"v":283,"T":1,"O":1,"M":2,"t":1770928731408,"i":"13362350480"},{"p":65554,"v":106,"T":1,"O":1,"M":2,"t":1770928731389,"i":"13362350479"},{"p":65555,"v":14,"T":1,"O":3,"M":1,"t":1770928731077,"i":"13362350430"},{"p":65554.9,"v":568,"T":2,"O":1,"M":2,"t":1770928730930,"i":"13362350423"},{"p":65553.8,"v":280,"T":1,"O":1,"M":2,"t":1770928730395,"i":"13362350375"},{"p":65553.7,"v":12,"T":2,"O":1,"M":2,"t":1770928730275,"i":"13362350345"},{"p":65555,"v":52,"T":1,"O":2,"M":2,"t":1770928730125,"i":"13362350307"}],"klines":{"1m":[{"ts":"2026-02-12T16:40:00Z","o":66331.1,"h":66397.8,"l":66291.2,"c":66309.6,"v":189392.0},{"ts":"2026-02-12T16:41:00Z","o":66309.6,"h":66450.8,"l":66309.6,"c":66440.8,"v":456064.0},{"ts":"2026-02-12T16:42:00Z","o":66440.8,"h":66510.4,"l":66383.9,"c":66388.5,"v":883989.0},{"ts":"2026-02-12T16:43:00Z","o":66388.5,"h":66427.9,"l":66276.2,"c":66340.1,"v":832464.0},{"ts":"2026-02-12T16:44:00Z","o":66340.1,"h":66343.2,"l":66226.8,"c":66243.1,"v":1258665.0},{"ts":"2026-02-12T16:45:00Z","o":66243.1,"h":66338.0,"l":66233.0,"c":66259.7,"v":931691.0},{"ts":"2026-02-12T16:46:00Z","o":66259.7,"h":66327.4,"l":66045.7,"c":66055.1,"v":1325109.0},{"ts":"2026-02-12T16:47:00Z","o":66055.1,"h":66229.1,"l":66055.0,"c":66119.1,"v":503199.0},{"ts":"2026-02-12T16:48:00Z","o":66119.1,"h":66167.8,"l":66043.0,"c":66071.7,"v":567342.0},{"ts":"2026-02-12T16:49:00Z","o":66071.7,"h":66143.4,"l":65990.8,"c":66137.8,"v":621262.0},{"ts":"2026-02-12T16:50:00Z","o":66137.8,"h":66187.4,"l":66072.4,"c":66108.4,"v":450274.0},{"ts":"2026-02-12T16:51:00Z","o":66108.4,"h":66165.6,"l":66000.0,"c":66020.8,"v":526238.0},{"ts":"2026-02-12T16:52:00Z","o":66020.8,"h":66042.1,"l":65908.3,"c":65994.3,"v":961323.0},{"ts":"2026-02-12T16:53:00Z","o":65994.3,"h":65994.3,"l":65543.8,"c":65583.9,"v":5742070.0},{"ts":"2026-02-12T16:54:00Z","o":65583.9,"h":65666.0,"l":65522.2,"c":65599.7,"v":1389960.0},{"ts":"2026-02-12T16:55:00Z","o":65599.7,"h":65715.4,"l":65570.0,"c":65715.4,"v":1067410.0},{"ts":"2026-02-12T16:56:00Z","o":65715.4,"h":65831.9,"l":65715.4,"c":65794.7,"v":799809.0},{"ts":"2026-02-12T16:57:00Z","o":65794.7,"h":65853.5,"l":65672.7,"c":65802.6,"v":1155893.0},{"ts":"2026-02-12T16:58:00Z","o":65802.6,"h":65837.2,"l":65760.0,"c":65827.4,"v":453423.0},{"ts":"2026-02-12T16:59:00Z","o":65827.4,"h":65840.0,"l":65721.8,"c":65826.2,"v":424900.0},{"ts":"2026-02-12T17:00:00Z","o":65826.2,"h":65847.3,"l":65676.5,"c":65682.6,"v":727022.0},{"ts":"2026-02-12T17:01:00Z","o":65682.6,"h":65825.7,"l":65666.0,"c":65755.8,"v":598073.0},{"ts":"2026-02-12T17:02:00Z","o":65755.8,"h":65939.1,"l":65747.5,"c":65939.1,"v":782577.0},{"ts":"2026-02-12T17:03:00Z","o":65939.1,"h":65965.0,"l":65835.4,"c":65844.2,"v":985762.0},{"ts":"2026-02-12T17:04:00Z","o":65844.2,"h":65923.5,"l":65802.6,"c":65843.1,"v":661782.0},{"ts":"2026-02-12T17:05:00Z","o":65843.1,"h":65893.2,"l":65651.0,"c":65652.9,"v":620912.0},{"ts":"2026-02-12T17:06:00Z","o":65652.9,"h":65815.1,"l":65638.7,"c":65778.3,"v":463377.0},{"ts":"2026-02-12T17:07:00Z","o":65778.3,"h":65960.0,"l":65765.4,"c":65945.2,"v":445343.0},{"ts":"2026-02-12T17:08:00Z","o":65945.2,"h":65970.5,"l":65860.0,"c":65899.4,"v":488639.0},{"ts":"2026-02-12T17:09:00Z","o":65899.4,"h":65959.0,"l":65874.4,"c":65914.4,"v":770954.0},{"ts":"2026-02-12T17:10:00Z","o":65914.4,"h":65920.9,"l":65821.4,"c":65866.6,"v":334916.0},{"ts":"2026-02-12T17:11:00Z","o":65866.6,"h":65871.6,"l":65682.1,"c":65691.3,"v":504779.0},{"ts":"2026-02-12T17:12:00Z","o":65691.3,"h":65717.2,"l":65603.0,"c":65611.1,"v":789169.0},{"ts":"2026-02-12T17:13:00Z","o":65611.1,"h":65689.7,"l":65530.0,"c":65689.7,"v":771407.0},{"ts":"2026-02-12T17:14:00Z","o":65689.7,"h":65768.7,"l":65630.9,"c":65710.7,"v":569537.0},{"ts":"2026-02-12T17:15:00Z","o":65710.7,"h":65738.9,"l":65654.5,"c":65677.0,"v":425737.0},{"ts":"2026-02-12T17:16:00Z","o":65677.0,"h":65846.0,"l":65656.0,"c":65845.3,"v":473233.0},{"ts":"2026-02-12T17:17:00Z","o":65845.3,"h":65845.4,"l":65718.6,"c":65734.3,"v":333940.0},{"ts":"2026-02-12T17:18:00Z","o":65734.3,"h":65745.5,"l":65583.0,"c":65644.9,"v":509324.0},{"ts":"2026-02-12T17:19:00Z","o":65644.9,"h":65731.9,"l":65598.6,"c":65607.0,"v":342922.0},{"ts":"2026-02-12T17:20:00Z","o":65607.0,"h":65866.6,"l":65607.0,"c":65864.2,"v":635110.0},{"ts":"2026-02-12T17:21:00Z","o":65864.2,"h":65970.3,"l":65854.7,"c":65961.1,"v":836423.0},{"ts":"2026-02-12T17:22:00Z","o":65961.1,"h":65975.0,"l":65889.9,"c":65959.3,"v":382540.0},{"ts":"2026-02-12T17:23:00Z","o":65959.3,"h":66059.8,"l":65959.3,"c":65989.9,"v":773026.0},{"ts":"2026-02-12T17:24:00Z","o":65989.9,"h":66060.6,"l":65920.7,"c":66060.6,"v":659550.0},{"ts":"2026-02-12T17:25:00Z","o":66060.6,"h":66061.2,"l":65971.2,"c":65990.9,"v":682210.0},{"ts":"2026-02-12T17:26:00Z","o":65990.9,"h":66085.2,"l":65978.0,"c":66071.8,"v":577411.0},{"ts":"2026-02-12T17:27:00Z","o":66071.8,"h":66133.8,"l":66062.2,"c":66106.1,"v":784261.0},{"ts":"2026-02-12T17:28:00Z","o":66106.1,"h":66234.5,"l":66106.0,"c":66147.5,"v":1326198.0},{"ts":"2026-02-12T17:29:00Z","o":66147.5,"h":66148.9,"l":66016.8,"c":66096.7,"v":511353.0},{"ts":"2026-02-12T17:30:00Z","o":66096.7,"h":66110.9,"l":65966.4,"c":65995.5,"v":489674.0},{"ts":"2026-02-12T17:31:00Z","o":65995.5,"h":66060.7,"l":65929.3,"c":65944.2,"v":430528.0},{"ts":"2026-02-12T17:32:00Z","o":65944.2,"h":65976.8,"l":65879.1,"c":65896.3,"v":527326.0},{"ts":"2026-02-12T17:33:00Z","o":65896.3,"h":65962.7,"l":65815.8,"c":65953.3,"v":703414.0},{"ts":"2026-02-12T17:34:00Z","o":65953.3,"h":66002.2,"l":65883.3,"c":65922.8,"v":519165.0},{"ts":"2026-02-12T17:35:00Z","o":65922.8,"h":65995.9,"l":65877.0,"c":65882.3,"v":277577.0},{"ts":"2026-02-12T17:36:00Z","o":65882.3,"h":65916.5,"l":65806.3,"c":65862.2,"v":426991.0},{"ts":"2026-02-12T17:37:00Z","o":65862.2,"h":66030.0,"l":65859.2,"c":66018.0,"v":465389.0},{"ts":"2026-02-12T17:38:00Z","o":66018.0,"h":66177.1,"l":65996.5,"c":66001.7,"v":726666.0},{"ts":"2026-02-12T17:39:00Z","o":66001.7,"h":66040.2,"l":65894.0,"c":65933.0,"v":591299.0},{"ts":"2026-02-12T17:40:00Z","o":65933.0,"h":66009.9,"l":65881.3,"c":65992.4,"v":334158.0},{"ts":"2026-02-12T17:41:00Z","o":65992.4,"h":66026.5,"l":65912.0,"c":65925.8,"v":264690.0},{"ts":"2026-02-12T17:42:00Z","o":65925.8,"h":65975.3,"l":65900.0,"c":65955.3,"v":190914.0},{"ts":"2026-02-12T17:43:00Z","o":65955.3,"h":65991.9,"l":65918.3,"c":65918.3,"v":158518.0},{"ts":"2026-02-12T17:44:00Z","o":65918.3,"h":65991.5,"l":65909.9,"c":65951.2,"v":267800.0},{"ts":"2026-02-12T17:45:00Z","o":65951.2,"h":65996.0,"l":65930.0,"c":65990.5,"v":244370.0},{"ts":"2026-02-12T17:46:00Z","o":65990.5,"h":66022.6,"l":65776.6,"c":65802.1,"v":524741.0},{"ts":"2026-02-12T17:47:00Z","o":65802.1,"h":65869.6,"l":65783.1,"c":65860.0,"v":353343.0},{"ts":"2026-02-12T17:48:00Z","o":65860.0,"h":65880.0,"l":65770.7,"c":65770.9,"v":208829.0},{"ts":"2026-02-12T17:49:00Z","o":65770.9,"h":65821.4,"l":65740.0,"c":65783.5,"v":350373.0},{"ts":"2026-02-12T17:50:00Z","o":65783.5,"h":65895.0,"l":65758.4,"c":65776.1,"v":477171.0},{"ts":"2026-02-12T17:51:00Z","o":65776.1,"h":65830.5,"l":65718.6,"c":65718.6,"v":374647.0},{"ts":"2026-02-12T17:52:00Z","o":65718.6,"h":65817.0,"l":65711.0,"c":65743.3,"v":252271.0},{"ts":"2026-02-12T17:53:00Z","o":65743.3,"h":65757.6,"l":65568.6,"c":65568.6,"v":1540250.0},{"ts":"2026-02-12T17:54:00Z","o":65568.6,"h":65613.7,"l":65542.4,"c":65576.6,"v":1075858.0},{"ts":"2026-02-12T17:55:00Z","o":65576.6,"h":65598.6,"l":65400.9,"c":65462.7,"v":2385588.0},{"ts":"2026-02-12T17:56:00Z","o":65462.7,"h":65520.0,"l":65420.8,"c":65444.2,"v":1340989.0},{"ts":"2026-02-12T17:57:00Z","o":65444.2,"h":65523.4,"l":65444.2,"c":65470.1,"v":545342.0},{"ts":"2026-02-12T17:58:00Z","o":65470.1,"h":65520.5,"l":65440.0,"c":65465.3,"v":687167.0},{"ts":"2026-02-12T17:59:00Z","o":65465.3,"h":65472.7,"l":65331.7,"c":65380.3,"v":1801955.0},{"ts":"2026-02-12T18:00:00Z","o":65380.3,"h":65446.1,"l":65344.2,"c":65413.2,"v":948042.0},{"ts":"2026-02-12T18:01:00Z","o":65413.2,"h":65487.4,"l":65413.2,"c":65465.5,"v":737819.0},{"ts":"2026-02-12T18:02:00Z","o":65465.5,"h":65560.0,"l":65465.5,"c":65537.1,"v":778767.0},{"ts":"2026-02-12T18:03:00Z","o":65537.1,"h":65570.4,"l":65499.2,"c":65515.3,"v":305058.0},{"ts":"2026-02-12T18:04:00Z","o":65515.3,"h":65633.0,"l":65512.0,"c":65600.7,"v":531580.0},{"ts":"2026-02-12T18:05:00Z","o":65600.7,"h":65645.2,"l":65567.0,"c":65587.8,"v":633496.0},{"ts":"2026-02-12T18:06:00Z","o":65587.8,"h":65649.2,"l":65557.3,"c":65625.0,"v":417642.0},{"ts":"2026-02-12T18:07:00Z","o":65625.0,"h":65762.2,"l":65607.5,"c":65725.4,"v":864345.0},{"ts":"2026-02-12T18:08:00Z","o":65725.4,"h":65763.0,"l":65628.5,"c":65684.5,"v":497228.0},{"ts":"2026-02-12T18:09:00Z","o":65684.5,"h":65726.7,"l":65643.8,"c":65643.8,"v":583623.0},{"ts":"2026-02-12T18:10:00Z","o":65643.8,"h":65720.0,"l":65630.9,"c":65664.4,"v":308827.0},{"ts":"2026-02-12T18:11:00Z","o":65664.4,"h":65717.6,"l":65604.0,"c":65717.6,"v":264314.0},{"ts":"2026-02-12T18:12:00Z","o":65717.6,"h":65726.3,"l":65587.0,"c":65648.4,"v":250708.0},{"ts":"2026-02-12T18:13:00Z","o":65648.4,"h":65648.4,"l":65580.0,"c":65580.0,"v":211625.0},{"ts":"2026-02-12T18:14:00Z","o":65580.0,"h":65669.1,"l":65564.8,"c":65664.8,"v":145011.0},{"ts":"2026-02-12T18:15:00Z","o":65664.8,"h":65691.3,"l":65617.9,"c":65641.1,"v":685888.0},{"ts":"2026-02-12T18:16:00Z","o":65641.1,"h":65665.1,"l":65575.6,"c":65630.7,"v":222954.0},{"ts":"2026-02-12T18:17:00Z","o":65630.7,"h":65637.5,"l":65501.0,"c":65503.5,"v":599260.0},{"ts":"2026-02-12T18:18:00Z","o":65503.5,"h":65509.5,"l":65362.8,"c":65365.1,"v":1136230.0},{"ts":"2026-02-12T18:19:00Z","o":65365.1,"h":65385.9,"l":65199.0,"c":65225.3,"v":2058776.0},{"ts":"2026-02-12T18:20:00Z","o":65225.3,"h":65349.3,"l":65217.5,"c":65225.7,"v":1160100.0},{"ts":"2026-02-12T18:21:00Z","o":65225.7,"h":65309.3,"l":65216.2,"c":65280.1,"v":489062.0},{"ts":"2026-02-12T18:22:00Z","o":65280.1,"h":65366.0,"l":65254.1,"c":65366.0,"v":644732.0},{"ts":"2026-02-12T18:23:00Z","o":65366.0,"h":65428.6,"l":65341.1,"c":65422.3,"v":983880.0},{"ts":"2026-02-12T18:24:00Z","o":65422.3,"h":65473.8,"l":65353.6,"c":65380.4,"v":379825.0},{"ts":"2026-02-12T18:25:00Z","o":65380.4,"h":65393.8,"l":65220.7,"c":65268.2,"v":557610.0},{"ts":"2026-02-12T18:26:00Z","o":65268.2,"h":65494.2,"l":65268.2,"c":65479.1,"v":353550.0},{"ts":"2026-02-12T18:27:00Z","o":65479.1,"h":65524.2,"l":65456.7,"c":65456.7,"v":552544.0},{"ts":"2026-02-12T18:28:00Z","o":65456.7,"h":65480.0,"l":65223.1,"c":65292.8,"v":708332.0},{"ts":"2026-02-12T18:29:00Z","o":65292.8,"h":65332.6,"l":65217.0,"c":65273.2,"v":595768.0},{"ts":"2026-02-12T18:30:00Z","o":65273.2,"h":65321.9,"l":65215.2,"c":65279.0,"v":439052.0},{"ts":"2026-02-12T18:31:00Z","o":65279.0,"h":65279.0,"l":65112.0,"c":65120.7,"v":1416479.0},{"ts":"2026-02-12T18:32:00Z","o":65120.7,"h":65161.3,"l":65081.1,"c":65147.1,"v":1418000.0},{"ts":"2026-02-12T18:33:00Z","o":65147.1,"h":65319.6,"l":65140.0,"c":65248.2,"v":1191581.0},{"ts":"2026-02-12T18:34:00Z","o":65248.2,"h":65310.0,"l":65232.9,"c":65239.2,"v":729027.0},{"ts":"2026-02-12T18:35:00Z","o":65239.2,"h":65412.9,"l":65236.9,"c":65358.1,"v":640947.0},{"ts":"2026-02-12T18:36:00Z","o":65358.1,"h":65401.0,"l":65277.5,"c":65329.5,"v":414204.0},{"ts":"2026-02-12T18:37:00Z","o":65329.5,"h":65429.2,"l":65293.6,"c":65429.2,"v":341386.0},{"ts":"2026-02-12T18:38:00Z","o":65429.2,"h":65507.6,"l":65426.5,"c":65440.6,"v":566068.0},{"ts":"2026-02-12T18:39:00Z","o":65440.6,"h":65472.9,"l":65368.6,"c":65472.9,"v":548080.0},{"ts":"2026-02-12T18:40:00Z","o":65472.9,"h":65472.9,"l":65353.7,"c":65440.8,"v":482804.0},{"ts":"2026-02-12T18:41:00Z","o":65440.8,"h":65461.3,"l":65396.1,"c":65412.1,"v":213992.0},{"ts":"2026-02-12T18:42:00Z","o":65412.1,"h":65450.0,"l":65396.1,"c":65412.7,"v":128611.0},{"ts":"2026-02-12T18:43:00Z","o":65412.7,"h":65447.0,"l":65400.0,"c":65442.1,"v":112250.0},{"ts":"2026-02-12T18:44:00Z","o":65442.1,"h":65455.5,"l":65382.1,"c":65404.8,"v":158822.0},{"ts":"2026-02-12T18:45:00Z","o":65404.8,"h":65472.1,"l":65391.2,"c":65394.0,"v":330104.0},{"ts":"2026-02-12T18:46:00Z","o":65394.0,"h":65545.3,"l":65377.7,"c":65544.9,"v":719954.0},{"ts":"2026-02-12T18:47:00Z","o":65544.9,"h":65645.1,"l":65544.9,"c":65591.9,"v":1123793.0},{"ts":"2026-02-12T18:48:00Z","o":65591.9,"h":65623.8,"l":65578.7,"c":65580.4,"v":483195.0},{"ts":"2026-02-12T18:49:00Z","o":65580.4,"h":65654.5,"l":65555.0,"c":65578.8,"v":451797.0},{"ts":"2026-02-12T18:50:00Z","o":65578.8,"h":65599.2,"l":65509.1,"c":65510.0,"v":527627.0},{"ts":"2026-02-12T18:51:00Z","o":65510.0,"h":65636.0,"l":65510.0,"c":65636.0,"v":429266.0},{"ts":"2026-02-12T18:52:00Z","o":65636.0,"h":65659.6,"l":65612.6,"c":65630.7,"v":366258.0},{"ts":"2026-02-12T18:53:00Z","o":65630.7,"h":65655.0,"l":65578.9,"c":65587.2,"v":316294.0},{"ts":"2026-02-12T18:54:00Z","o":65587.2,"h":65627.9,"l":65574.0,"c":65580.5,"v":213332.0},{"ts":"2026-02-12T18:55:00Z","o":65580.5,"h":65655.0,"l":65552.2,"c":65655.0,"v":267302.0},{"ts":"2026-02-12T18:56:00Z","o":65655.0,"h":65671.0,"l":65580.9,"c":65584.5,"v":203558.0},{"ts":"2026-02-12T18:57:00Z","o":65584.5,"h":65611.2,"l":65554.5,"c":65567.5,"v":162974.0},{"ts":"2026-02-12T18:58:00Z","o":65567.5,"h":65600.1,"l":65481.2,"c":65540.1,"v":544486.0},{"ts":"2026-02-12T18:59:00Z","o":65540.1,"h":65572.6,"l":65510.0,"c":65559.4,"v":207853.0},{"ts":"2026-02-12T19:00:00Z","o":65559.4,"h":65634.2,"l":65520.6,"c":65595.9,"v":309027.0},{"ts":"2026-02-12T19:01:00Z","o":65595.9,"h":65609.9,"l":65551.7,"c":65596.1,"v":186318.0},{"ts":"2026-02-12T19:02:00Z","o":65596.1,"h":65710.1,"l":65590.7,"c":65672.6,"v":529665.0},{"ts":"2026-02-12T19:03:00Z","o":65672.6,"h":65720.0,"l":65650.0,"c":65678.8,"v":315777.0},{"ts":"2026-02-12T19:04:00Z","o":65678.8,"h":65685.0,"l":65476.3,"c":65493.5,"v":767794.0},{"ts":"2026-02-12T19:05:00Z","o":65493.5,"h":65582.9,"l":65488.0,"c":65488.1,"v":328774.0},{"ts":"2026-02-12T19:06:00Z","o":65488.1,"h":65507.9,"l":65433.3,"c":65440.7,"v":408329.0},{"ts":"2026-02-12T19:07:00Z","o":65440.7,"h":65491.7,"l":65401.6,"c":65402.6,"v":451429.0},{"ts":"2026-02-12T19:08:00Z","o":65402.6,"h":65521.4,"l":65399.5,"c":65488.5,"v":371796.0},{"ts":"2026-02-12T19:09:00Z","o":65488.5,"h":65498.1,"l":65351.0,"c":65358.0,"v":378411.0},{"ts":"2026-02-12T19:10:00Z","o":65358.0,"h":65397.7,"l":65337.6,"c":65360.4,"v":627313.0},{"ts":"2026-02-12T19:11:00Z","o":65360.4,"h":65371.3,"l":65235.5,"c":65270.0,"v":798300.0},{"ts":"2026-02-12T19:12:00Z","o":65270.0,"h":65313.9,"l":65266.0,"c":65303.2,"v":312199.0},{"ts":"2026-02-12T19:13:00Z","o":65303.2,"h":65380.0,"l":65300.2,"c":65380.0,"v":261995.0},{"ts":"2026-02-12T19:14:00Z","o":65380.0,"h":65467.7,"l":65380.0,"c":65416.8,"v":486593.0},{"ts":"2026-02-12T19:15:00Z","o":65416.8,"h":65513.5,"l":65402.6,"c":65488.3,"v":451521.0},{"ts":"2026-02-12T19:16:00Z","o":65488.3,"h":65488.4,"l":65404.1,"c":65404.2,"v":270523.0},{"ts":"2026-02-12T19:17:00Z","o":65404.2,"h":65526.6,"l":65382.6,"c":65494.0,"v":431544.0},{"ts":"2026-02-12T19:18:00Z","o":65494.0,"h":65552.9,"l":65493.9,"c":65538.5,"v":439055.0},{"ts":"2026-02-12T19:19:00Z","o":65538.5,"h":65596.4,"l":65534.1,"c":65570.0,"v":506494.0},{"ts":"2026-02-12T19:20:00Z","o":65570.0,"h":65643.8,"l":65550.5,"c":65634.5,"v":391232.0},{"ts":"2026-02-12T19:21:00Z","o":65634.5,"h":65681.1,"l":65601.9,"c":65665.8,"v":483848.0},{"ts":"2026-02-12T19:22:00Z","o":65665.8,"h":65825.0,"l":65653.5,"c":65782.2,"v":1175274.0},{"ts":"2026-02-12T19:23:00Z","o":65782.2,"h":65811.5,"l":65744.6,"c":65744.6,"v":567241.0},{"ts":"2026-02-12T19:24:00Z","o":65744.6,"h":65932.7,"l":65744.6,"c":65905.4,"v":1005161.0},{"ts":"2026-02-12T19:25:00Z","o":65905.4,"h":65909.2,"l":65834.1,"c":65843.2,"v":372701.0},{"ts":"2026-02-12T19:26:00Z","o":65843.2,"h":65844.1,"l":65744.7,"c":65753.3,"v":497152.0},{"ts":"2026-02-12T19:27:00Z","o":65753.3,"h":65759.9,"l":65697.0,"c":65724.6,"v":594124.0},{"ts":"2026-02-12T19:28:00Z","o":65724.6,"h":65740.5,"l":65697.0,"c":65722.0,"v":276859.0},{"ts":"2026-02-12T19:29:00Z","o":65722.0,"h":65757.1,"l":65720.2,"c":65745.1,"v":244267.0},{"ts":"2026-02-12T19:30:00Z","o":65745.1,"h":65784.2,"l":65728.4,"c":65759.6,"v":479224.0},{"ts":"2026-02-12T19:31:00Z","o":65759.6,"h":65896.7,"l":65752.0,"c":65846.3,"v":531457.0},{"ts":"2026-02-12T19:32:00Z","o":65846.3,"h":65959.6,"l":65836.8,"c":65929.4,"v":834846.0},{"ts":"2026-02-12T19:33:00Z","o":65929.4,"h":66015.9,"l":65929.4,"c":65970.3,"v":916140.0},{"ts":"2026-02-12T19:34:00Z","o":65970.3,"h":65975.0,"l":65851.7,"c":65851.7,"v":360454.0},{"ts":"2026-02-12T19:35:00Z","o":65851.7,"h":65919.1,"l":65790.6,"c":65902.2,"v":624918.0},{"ts":"2026-02-12T19:36:00Z","o":65902.2,"h":66048.0,"l":65890.9,"c":66002.1,"v":680231.0},{"ts":"2026-02-12T19:37:00Z","o":66002.1,"h":66076.1,"l":65951.1,"c":65951.1,"v":671232.0},{"ts":"2026-02-12T19:38:00Z","o":65951.1,"h":65951.1,"l":65902.0,"c":65928.0,"v":327593.0},{"ts":"2026-02-12T19:39:00Z","o":65928.0,"h":65950.0,"l":65880.1,"c":65937.5,"v":256306.0},{"ts":"2026-02-12T19:40:00Z","o":65937.5,"h":65956.6,"l":65879.9,"c":65919.0,"v":797612.0},{"ts":"2026-02-12T19:41:00Z","o":65919.0,"h":65929.4,"l":65885.2,"c":65886.0,"v":141477.0},{"ts":"2026-02-12T19:42:00Z","o":65886.0,"h":65972.1,"l":65871.8,"c":65972.1,"v":190468.0},{"ts":"2026-02-12T19:43:00Z","o":65972.1,"h":65987.7,"l":65939.3,"c":65939.3,"v":367284.0},{"ts":"2026-02-12T19:44:00Z","o":65939.3,"h":65955.0,"l":65914.0,"c":65948.6,"v":121923.0},{"ts":"2026-02-12T19:45:00Z","o":65948.6,"h":65965.0,"l":65919.6,"c":65944.3,"v":242512.0},{"ts":"2026-02-12T19:46:00Z","o":65944.3,"h":66065.1,"l":65944.3,"c":66058.7,"v":401549.0},{"ts":"2026-02-12T19:47:00Z","o":66058.7,"h":66062.3,"l":66011.9,"c":66024.6,"v":509143.0},{"ts":"2026-02-12T19:48:00Z","o":66024.6,"h":66029.9,"l":65953.2,"c":66009.4,"v":529097.0},{"ts":"2026-02-12T19:49:00Z","o":66009.4,"h":66026.0,"l":65982.5,"c":66021.0,"v":525198.0},{"ts":"2026-02-12T19:50:00Z","o":66021.0,"h":66088.0,"l":66010.1,"c":66078.8,"v":296360.0},{"ts":"2026-02-12T19:51:00Z","o":66078.8,"h":66080.0,"l":65970.4,"c":65996.2,"v":279520.0},{"ts":"2026-02-12T19:52:00Z","o":65996.2,"h":65996.2,"l":65861.7,"c":65904.8,"v":531962.0},{"ts":"2026-02-12T19:53:00Z","o":65904.8,"h":65904.8,"l":65839.1,"c":65889.6,"v":337985.0},{"ts":"2026-02-12T19:54:00Z","o":65889.6,"h":65910.2,"l":65853.9,"c":65862.2,"v":254090.0},{"ts":"2026-02-12T19:55:00Z","o":65862.2,"h":65916.4,"l":65836.2,"c":65916.3,"v":223374.0},{"ts":"2026-02-12T19:56:00Z","o":65916.3,"h":65918.0,"l":65877.1,"c":65892.2,"v":90597.0},{"ts":"2026-02-12T19:57:00Z","o":65892.2,"h":65942.2,"l":65892.2,"c":65907.1,"v":118269.0},{"ts":"2026-02-12T19:58:00Z","o":65907.1,"h":65920.0,"l":65766.0,"c":65807.4,"v":579517.0},{"ts":"2026-02-12T19:59:00Z","o":65807.4,"h":65815.0,"l":65743.4,"c":65760.8,"v":498796.0},{"ts":"2026-02-12T20:00:00Z","o":65760.8,"h":65797.9,"l":65733.7,"c":65736.7,"v":725416.0},{"ts":"2026-02-12T20:01:00Z","o":65736.7,"h":65831.3,"l":65706.8,"c":65831.1,"v":496661.0},{"ts":"2026-02-12T20:02:00Z","o":65831.1,"h":65836.4,"l":65752.3,"c":65776.1,"v":221620.0},{"ts":"2026-02-12T20:03:00Z","o":65776.1,"h":65821.3,"l":65754.3,"c":65809.1,"v":156363.0},{"ts":"2026-02-12T20:04:00Z","o":65809.1,"h":65924.4,"l":65789.7,"c":65909.9,"v":481660.0},{"ts":"2026-02-12T20:05:00Z","o":65909.9,"h":65978.6,"l":65852.8,"c":65974.8,"v":348926.0},{"ts":"2026-02-12T20:06:00Z","o":65974.8,"h":66008.7,"l":65914.2,"c":65914.2,"v":490048.0},{"ts":"2026-02-12T20:07:00Z","o":65914.2,"h":65993.9,"l":65913.4,"c":65913.4,"v":282571.0},{"ts":"2026-02-12T20:08:00Z","o":65913.4,"h":65922.5,"l":65840.0,"c":65852.8,"v":180301.0},{"ts":"2026-02-12T20:09:00Z","o":65852.8,"h":65852.8,"l":65802.5,"c":65810.1,"v":405634.0},{"ts":"2026-02-12T20:10:00Z","o":65810.1,"h":65810.1,"l":65621.0,"c":65636.6,"v":1115020.0},{"ts":"2026-02-12T20:11:00Z","o":65636.6,"h":65650.2,"l":65576.2,"c":65622.3,"v":812851.0},{"ts":"2026-02-12T20:12:00Z","o":65622.3,"h":65703.1,"l":65622.3,"c":65655.6,"v":556459.0},{"ts":"2026-02-12T20:13:00Z","o":65655.6,"h":65705.2,"l":65606.1,"c":65612.9,"v":322120.0},{"ts":"2026-02-12T20:14:00Z","o":65612.9,"h":65677.9,"l":65595.0,"c":65677.7,"v":432141.0},{"ts":"2026-02-12T20:15:00Z","o":65677.7,"h":65694.2,"l":65630.9,"c":65691.7,"v":165481.0},{"ts":"2026-02-12T20:16:00Z","o":65691.7,"h":65725.0,"l":65620.2,"c":65694.6,"v":217001.0},{"ts":"2026-02-12T20:17:00Z","o":65694.6,"h":65741.5,"l":65661.5,"c":65669.1,"v":228508.0},{"ts":"2026-02-12T20:18:00Z","o":65669.1,"h":65782.6,"l":65660.0,"c":65744.7,"v":298503.0},{"ts":"2026-02-12T20:19:00Z","o":65744.7,"h":65744.7,"l":65680.8,"c":65697.6,"v":207693.0},{"ts":"2026-02-12T20:20:00Z","o":65697.6,"h":65697.6,"l":65585.1,"c":65593.0,"v":345794.0},{"ts":"2026-02-12T20:21:00Z","o":65593.0,"h":65652.8,"l":65583.8,"c":65591.6,"v":302808.0},{"ts":"2026-02-12T20:22:00Z","o":65591.6,"h":65644.1,"l":65587.0,"c":65590.2,"v":211728.0},{"ts":"2026-02-12T20:23:00Z","o":65590.2,"h":65611.0,"l":65531.2,"c":65535.1,"v":369799.0},{"ts":"2026-02-12T20:24:00Z","o":65535.1,"h":65586.5,"l":65535.1,"c":65580.0,"v":229895.0},{"ts":"2026-02-12T20:25:00Z","o":65580.0,"h":65596.5,"l":65496.9,"c":65517.8,"v":367582.0},{"ts":"2026-02-12T20:26:00Z","o":65517.8,"h":65566.6,"l":65500.0,"c":65564.2,"v":305397.0},{"ts":"2026-02-12T20:27:00Z","o":65564.2,"h":65573.7,"l":65470.7,"c":65479.4,"v":330570.0},{"ts":"2026-02-12T20:28:00Z","o":65479.4,"h":65548.6,"l":65451.5,"c":65544.1,"v":369462.0},{"ts":"2026-02-12T20:29:00Z","o":65544.1,"h":65568.2,"l":65452.5,"c":65477.0,"v":311492.0},{"ts":"2026-02-12T20:30:00Z","o":65477.0,"h":65477.1,"l":65391.9,"c":65428.1,"v":703306.0},{"ts":"2026-02-12T20:31:00Z","o":65428.1,"h":65470.3,"l":65386.0,"c":65386.6,"v":437668.0},{"ts":"2026-02-12T20:32:00Z","o":65386.6,"h":65431.7,"l":65370.0,"c":65424.1,"v":346727.0},{"ts":"2026-02-12T20:33:00Z","o":65424.1,"h":65537.7,"l":65392.1,"c":65505.1,"v":693830.0},{"ts":"2026-02-12T20:34:00Z","o":65505.1,"h":65557.0,"l":65447.0,"c":65472.5,"v":348786.0},{"ts":"2026-02-12T20:35:00Z","o":65472.5,"h":65552.6,"l":65457.6,"c":65537.0,"v":247886.0},{"ts":"2026-02-12T20:36:00Z","o":65537.0,"h":65609.4,"l":65535.3,"c":65593.3,"v":416829.0},{"ts":"2026-02-12T20:37:00Z","o":65593.3,"h":65600.0,"l":65540.0,"c":65555.5,"v":210533.0},{"ts":"2026-02-12T20:38:00Z","o":65555.5,"h":65572.4,"l":65491.3,"c":65535.1,"v":121144.0},{"ts":"2026-02-12T20:39:00Z","o":65535.1,"h":65571.0,"l":65535.1,"c":65570.9,"v":33152.0}],"5m":[{"ts":"2026-02-12T10:40:00Z","o":67706.9,"h":67710.1,"l":67606.8,"c":67635.9,"v":1146382.0},{"ts":"2026-02-12T10:45:00Z","o":67635.9,"h":67874.9,"l":67621.7,"c":67810.0,"v":2784741.0},{"ts":"2026-02-12T10:50:00Z","o":67810.0,"h":67883.0,"l":67755.8,"c":67867.2,"v":1564351.0},{"ts":"2026-02-12T10:55:00Z","o":67867.2,"h":67994.4,"l":67817.7,"c":67978.0,"v":3230184.0},{"ts":"2026-02-12T11:00:00Z","o":67978.0,"h":68090.1,"l":67902.0,"c":68015.6,"v":4287113.0},{"ts":"2026-02-12T11:05:00Z","o":68015.6,"h":68076.9,"l":67892.2,"c":67909.4,"v":2508445.0},{"ts":"2026-02-12T11:10:00Z","o":67909.4,"h":67909.5,"l":67707.6,"c":67874.1,"v":2490483.0},{"ts":"2026-02-12T11:15:00Z","o":67874.1,"h":67984.0,"l":67799.4,"c":67907.1,"v":2336493.0},{"ts":"2026-02-12T11:20:00Z","o":67907.1,"h":68066.6,"l":67905.7,"c":68065.7,"v":2611127.0},{"ts":"2026-02-12T11:25:00Z","o":68065.7,"h":68228.4,"l":67992.9,"c":68170.3,"v":3477459.0},{"ts":"2026-02-12T11:30:00Z","o":68170.3,"h":68257.9,"l":68075.2,"c":68141.3,"v":2653723.0},{"ts":"2026-02-12T11:35:00Z","o":68141.3,"h":68141.3,"l":68045.0,"c":68103.3,"v":1430850.0},{"ts":"2026-02-12T11:40:00Z","o":68103.3,"h":68106.0,"l":67999.9,"c":68057.0,"v":1174011.0},{"ts":"2026-02-12T11:45:00Z","o":68057.0,"h":68083.0,"l":67995.3,"c":68051.7,"v":1113385.0},{"ts":"2026-02-12T11:50:00Z","o":68051.7,"h":68130.5,"l":67970.8,"c":68075.7,"v":2052923.0},{"ts":"2026-02-12T11:55:00Z","o":68075.7,"h":68139.6,"l":68035.3,"c":68035.3,"v":1311020.0},{"ts":"2026-02-12T12:00:00Z","o":68035.3,"h":68125.8,"l":67900.1,"c":67900.4,"v":2356771.0},{"ts":"2026-02-12T12:05:00Z","o":67900.4,"h":67948.9,"l":67850.0,"c":67903.4,"v":2450295.0},{"ts":"2026-02-12T12:10:00Z","o":67903.4,"h":68015.1,"l":67896.0,"c":67988.6,"v":1369601.0},{"ts":"2026-02-12T12:15:00Z","o":67988.6,"h":68005.0,"l":67869.8,"c":67891.5,"v":2174053.0},{"ts":"2026-02-12T12:20:00Z","o":67891.5,"h":67949.8,"l":67823.4,"c":67828.6,"v":1402169.0},{"ts":"2026-02-12T12:25:00Z","o":67828.6,"h":67979.4,"l":67825.4,"c":67948.7,"v":1266082.0},{"ts":"2026-02-12T12:30:00Z","o":67948.7,"h":67966.9,"l":67838.0,"c":67844.2,"v":957143.0},{"ts":"2026-02-12T12:35:00Z","o":67844.2,"h":67883.6,"l":67816.4,"c":67866.7,"v":844283.0},{"ts":"2026-02-12T12:40:00Z","o":67866.7,"h":67932.7,"l":67815.6,"c":67839.8,"v":1144584.0},{"ts":"2026-02-12T12:45:00Z","o":67839.8,"h":67881.1,"l":67755.8,"c":67881.0,"v":1489463.0},{"ts":"2026-02-12T12:50:00Z","o":67881.0,"h":67913.2,"l":67725.4,"c":67754.8,"v":1722187.0},{"ts":"2026-02-12T12:55:00Z","o":67754.8,"h":67837.5,"l":67684.8,"c":67832.5,"v":2454833.0},{"ts":"2026-02-12T13:00:00Z","o":67832.5,"h":67853.9,"l":67708.5,"c":67733.6,"v":1260706.0},{"ts":"2026-02-12T13:05:00Z","o":67733.6,"h":67791.3,"l":67646.1,"c":67784.4,"v":1911875.0},{"ts":"2026-02-12T13:10:00Z","o":67784.4,"h":67834.5,"l":67751.1,"c":67814.9,"v":1446592.0},{"ts":"2026-02-12T13:15:00Z","o":67814.9,"h":68033.5,"l":67803.2,"c":67960.0,"v":3309577.0},{"ts":"2026-02-12T13:20:00Z","o":67960.0,"h":68003.6,"l":67910.0,"c":67910.0,"v":1091384.0},{"ts":"2026-02-12T13:25:00Z","o":67910.0,"h":67910.1,"l":67649.4,"c":67733.2,"v":3646477.0},{"ts":"2026-02-12T13:30:00Z","o":67733.2,"h":67965.5,"l":67691.5,"c":67920.2,"v":3082975.0},{"ts":"2026-02-12T13:35:00Z","o":67920.2,"h":67950.0,"l":67859.4,"c":67897.7,"v":1815016.0},{"ts":"2026-02-12T13:40:00Z","o":67897.7,"h":68129.0,"l":67897.6,"c":68081.4,"v":3182920.0},{"ts":"2026-02-12T13:45:00Z","o":68081.4,"h":68116.5,"l":67937.5,"c":67969.7,"v":1835830.0},{"ts":"2026-02-12T13:50:00Z","o":67969.7,"h":68084.4,"l":67942.6,"c":68022.8,"v":1230623.0},{"ts":"2026-02-12T13:55:00Z","o":68022.8,"h":68366.6,"l":68017.1,"c":68340.0,"v":4047070.0},{"ts":"2026-02-12T14:00:00Z","o":68340.0,"h":68381.5,"l":67948.0,"c":67975.1,"v":3753942.0},{"ts":"2026-02-12T14:05:00Z","o":67975.1,"h":67998.3,"l":67820.0,"c":67949.0,"v":3084676.0},{"ts":"2026-02-12T14:10:00Z","o":67949.0,"h":68073.1,"l":67948.9,"c":67972.1,"v":2374261.0},{"ts":"2026-02-12T14:15:00Z","o":67972.1,"h":67974.6,"l":67837.0,"c":67927.7,"v":2852042.0},{"ts":"2026-02-12T14:20:00Z","o":67927.7,"h":68047.0,"l":67887.0,"c":67913.8,"v":2881118.0},{"ts":"2026-02-12T14:25:00Z","o":67913.8,"h":67979.4,"l":67875.0,"c":67963.0,"v":1215719.0},{"ts":"2026-02-12T14:30:00Z","o":67963.0,"h":68249.3,"l":67865.1,"c":68163.0,"v":4881720.0},{"ts":"2026-02-12T14:35:00Z","o":68163.0,"h":68195.8,"l":67704.3,"c":67844.5,"v":8223455.0},{"ts":"2026-02-12T14:40:00Z","o":67844.5,"h":68009.9,"l":67567.9,"c":67587.1,"v":5194649.0},{"ts":"2026-02-12T14:45:00Z","o":67587.1,"h":67773.2,"l":67453.0,"c":67600.5,"v":6172487.0},{"ts":"2026-02-12T14:50:00Z","o":67600.5,"h":67968.3,"l":67584.4,"c":67951.0,"v":3536805.0},{"ts":"2026-02-12T14:55:00Z","o":67951.0,"h":67961.1,"l":67533.9,"c":67546.6,"v":2705572.0},{"ts":"2026-02-12T15:00:00Z","o":67546.6,"h":67782.5,"l":67234.3,"c":67268.5,"v":7091420.0},{"ts":"2026-02-12T15:05:00Z","o":67268.5,"h":67390.0,"l":67044.2,"c":67138.3,"v":9407598.0},{"ts":"2026-02-12T15:10:00Z","o":67138.3,"h":67421.0,"l":66968.2,"c":67382.1,"v":7444288.0},{"ts":"2026-02-12T15:15:00Z","o":67382.1,"h":67644.5,"l":67319.6,"c":67441.4,"v":7611661.0},{"ts":"2026-02-12T15:20:00Z","o":67441.4,"h":67927.1,"l":67441.4,"c":67779.6,"v":4938055.0},{"ts":"2026-02-12T15:25:00Z","o":67779.6,"h":67858.0,"l":67641.9,"c":67821.6,"v":3114687.0},{"ts":"2026-02-12T15:30:00Z","o":67821.6,"h":67971.2,"l":67573.3,"c":67617.5,"v":4674504.0},{"ts":"2026-02-12T15:35:00Z","o":67617.5,"h":67650.0,"l":67218.6,"c":67305.0,"v":5537524.0},{"ts":"2026-02-12T15:40:00Z","o":67305.0,"h":67450.0,"l":67214.5,"c":67371.8,"v":3091628.0},{"ts":"2026-02-12T15:45:00Z","o":67371.8,"h":67513.3,"l":67285.1,"c":67443.1,"v":2982669.0},{"ts":"2026-02-12T15:50:00Z","o":67443.1,"h":67485.0,"l":67111.0,"c":67111.0,"v":2989946.0},{"ts":"2026-02-12T15:55:00Z","o":67111.0,"h":67180.1,"l":67033.6,"c":67103.5,"v":3835806.0},{"ts":"2026-02-12T16:00:00Z","o":67103.5,"h":67211.1,"l":66939.7,"c":67180.0,"v":4604859.0},{"ts":"2026-02-12T16:05:00Z","o":67180.0,"h":67208.6,"l":66528.0,"c":66665.0,"v":10985066.0},{"ts":"2026-02-12T16:10:00Z","o":66665.0,"h":66840.2,"l":66460.7,"c":66522.8,"v":6572841.0},{"ts":"2026-02-12T16:15:00Z","o":66522.8,"h":66762.3,"l":66418.5,"c":66524.0,"v":4083176.0},{"ts":"2026-02-12T16:20:00Z","o":66524.0,"h":66606.2,"l":66171.6,"c":66268.4,"v":6542493.0},{"ts":"2026-02-12T16:25:00Z","o":66268.4,"h":66362.5,"l":65960.0,"c":66034.3,"v":5948752.0},{"ts":"2026-02-12T16:30:00Z","o":66034.3,"h":66163.4,"l":65907.4,"c":66150.0,"v":6230596.0},{"ts":"2026-02-12T16:35:00Z","o":66150.0,"h":66505.9,"l":66150.0,"c":66331.1,"v":6823358.0},{"ts":"2026-02-12T16:40:00Z","o":66331.1,"h":66510.4,"l":66226.8,"c":66243.1,"v":3620574.0},{"ts":"2026-02-12T16:45:00Z","o":66243.1,"h":66338.0,"l":65990.8,"c":66137.8,"v":3948603.0},{"ts":"2026-02-12T16:50:00Z","o":66137.8,"h":66187.4,"l":65522.2,"c":65599.7,"v":9069865.0},{"ts":"2026-02-12T16:55:00Z","o":65599.7,"h":65853.5,"l":65570.0,"c":65826.2,"v":3901435.0},{"ts":"2026-02-12T17:00:00Z","o":65826.2,"h":65965.0,"l":65666.0,"c":65843.1,"v":3755216.0},{"ts":"2026-02-12T17:05:00Z","o":65843.1,"h":65970.5,"l":65638.7,"c":65914.4,"v":2789225.0},{"ts":"2026-02-12T17:10:00Z","o":65914.4,"h":65920.9,"l":65530.0,"c":65710.7,"v":2969808.0},{"ts":"2026-02-12T17:15:00Z","o":65710.7,"h":65846.0,"l":65583.0,"c":65607.0,"v":2085156.0},{"ts":"2026-02-12T17:20:00Z","o":65607.0,"h":66060.6,"l":65607.0,"c":66060.6,"v":3286649.0},{"ts":"2026-02-12T17:25:00Z","o":66060.6,"h":66234.5,"l":65971.2,"c":66096.7,"v":3881433.0},{"ts":"2026-02-12T17:30:00Z","o":66096.7,"h":66110.9,"l":65815.8,"c":65922.8,"v":2670107.0},{"ts":"2026-02-12T17:35:00Z","o":65922.8,"h":66177.1,"l":65806.3,"c":65933.0,"v":2487922.0},{"ts":"2026-02-12T17:40:00Z","o":65933.0,"h":66026.5,"l":65881.3,"c":65951.2,"v":1216080.0},{"ts":"2026-02-12T17:45:00Z","o":65951.2,"h":66022.6,"l":65740.0,"c":65783.5,"v":1681656.0},{"ts":"2026-02-12T17:50:00Z","o":65783.5,"h":65895.0,"l":65542.4,"c":65576.6,"v":3720197.0},{"ts":"2026-02-12T17:55:00Z","o":65576.6,"h":65598.6,"l":65331.7,"c":65380.3,"v":6761041.0},{"ts":"2026-02-12T18:00:00Z","o":65380.3,"h":65633.0,"l":65344.2,"c":65600.7,"v":3301266.0},{"ts":"2026-02-12T18:05:00Z","o":65600.7,"h":65763.0,"l":65557.3,"c":65643.8,"v":2996334.0},{"ts":"2026-02-12T18:10:00Z","o":65643.8,"h":65726.3,"l":65564.8,"c":65664.8,"v":1180485.0},{"ts":"2026-02-12T18:15:00Z","o":65664.8,"h":65691.3,"l":65199.0,"c":65225.3,"v":4703108.0},{"ts":"2026-02-12T18:20:00Z","o":65225.3,"h":65473.8,"l":65216.2,"c":65380.4,"v":3657599.0},{"ts":"2026-02-12T18:25:00Z","o":65380.4,"h":65524.2,"l":65217.0,"c":65273.2,"v":2767804.0},{"ts":"2026-02-12T18:30:00Z","o":65273.2,"h":65321.9,"l":65081.1,"c":65239.2,"v":5194139.0},{"ts":"2026-02-12T18:35:00Z","o":65239.2,"h":65507.6,"l":65236.9,"c":65472.9,"v":2510685.0},{"ts":"2026-02-12T18:40:00Z","o":65472.9,"h":65472.9,"l":65353.7,"c":65404.8,"v":1096479.0},{"ts":"2026-02-12T18:45:00Z","o":65404.8,"h":65654.5,"l":65377.7,"c":65578.8,"v":3108843.0},{"ts":"2026-02-12T18:50:00Z","o":65578.8,"h":65659.6,"l":65509.1,"c":65580.5,"v":1852777.0},{"ts":"2026-02-12T18:55:00Z","o":65580.5,"h":65671.0,"l":65481.2,"c":65559.4,"v":1386173.0},{"ts":"2026-02-12T19:00:00Z","o":65559.4,"h":65720.0,"l":65476.3,"c":65493.5,"v":2108581.0},{"ts":"2026-02-12T19:05:00Z","o":65493.5,"h":65582.9,"l":65351.0,"c":65358.0,"v":1938739.0},{"ts":"2026-02-12T19:10:00Z","o":65358.0,"h":65467.7,"l":65235.5,"c":65416.8,"v":2486400.0},{"ts":"2026-02-12T19:15:00Z","o":65416.8,"h":65596.4,"l":65382.6,"c":65570.0,"v":2099137.0},{"ts":"2026-02-12T19:20:00Z","o":65570.0,"h":65932.7,"l":65550.5,"c":65905.4,"v":3622756.0},{"ts":"2026-02-12T19:25:00Z","o":65905.4,"h":65909.2,"l":65697.0,"c":65745.1,"v":1985103.0},{"ts":"2026-02-12T19:30:00Z","o":65745.1,"h":66015.9,"l":65728.4,"c":65851.7,"v":3122121.0},{"ts":"2026-02-12T19:35:00Z","o":65851.7,"h":66076.1,"l":65790.6,"c":65937.5,"v":2560280.0},{"ts":"2026-02-12T19:40:00Z","o":65937.5,"h":65987.7,"l":65871.8,"c":65948.6,"v":1618764.0},{"ts":"2026-02-12T19:45:00Z","o":65948.6,"h":66065.1,"l":65919.6,"c":66021.0,"v":2207499.0},{"ts":"2026-02-12T19:50:00Z","o":66021.0,"h":66088.0,"l":65839.1,"c":65862.2,"v":1699917.0},{"ts":"2026-02-12T19:55:00Z","o":65862.2,"h":65942.2,"l":65743.4,"c":65760.8,"v":1510553.0},{"ts":"2026-02-12T20:00:00Z","o":65760.8,"h":65924.4,"l":65706.8,"c":65909.9,"v":2081720.0},{"ts":"2026-02-12T20:05:00Z","o":65909.9,"h":66008.7,"l":65802.5,"c":65810.1,"v":1707480.0},{"ts":"2026-02-12T20:10:00Z","o":65810.1,"h":65810.1,"l":65576.2,"c":65677.7,"v":3238591.0},{"ts":"2026-02-12T20:15:00Z","o":65677.7,"h":65782.6,"l":65620.2,"c":65697.6,"v":1117186.0},{"ts":"2026-02-12T20:20:00Z","o":65697.6,"h":65697.6,"l":65531.2,"c":65580.0,"v":1460024.0},{"ts":"2026-02-12T20:25:00Z","o":65580.0,"h":65596.5,"l":65451.5,"c":65477.0,"v":1684503.0},{"ts":"2026-02-12T20:30:00Z","o":65477.0,"h":65557.0,"l":65370.0,"c":65472.5,"v":2530317.0},{"ts":"2026-02-12T20:35:00Z","o":65472.5,"h":65609.4,"l":65457.6,"c":65558.7,"v":1031947.0}],"15m":[{"ts":"2026-02-12T00:45:00Z","o":67551.5,"h":67650.0,"l":67431.2,"c":67431.2,"v":2786849.0},{"ts":"2026-02-12T01:00:00Z","o":67431.2,"h":67677.4,"l":67430.5,"c":67672.0,"v":2669185.0},{"ts":"2026-02-12T01:15:00Z","o":67672.0,"h":67849.0,"l":67523.5,"c":67778.2,"v":6049206.0},{"ts":"2026-02-12T01:30:00Z","o":67778.2,"h":68018.3,"l":67730.1,"c":67820.9,"v":4716114.0},{"ts":"2026-02-12T01:45:00Z","o":67820.9,"h":67845.2,"l":67577.1,"c":67668.3,"v":4188464.0},{"ts":"2026-02-12T02:00:00Z","o":67668.3,"h":67769.8,"l":67462.8,"c":67466.3,"v":3998837.0},{"ts":"2026-02-12T02:15:00Z","o":67466.3,"h":67545.3,"l":67380.1,"c":67499.1,"v":3526709.0},{"ts":"2026-02-12T02:30:00Z","o":67499.1,"h":67728.2,"l":67448.8,"c":67711.4,"v":3360156.0},{"ts":"2026-02-12T02:45:00Z","o":67711.4,"h":67722.5,"l":67390.0,"c":67408.5,"v":3812284.0},{"ts":"2026-02-12T03:00:00Z","o":67408.5,"h":67532.2,"l":67325.6,"c":67463.4,"v":3194089.0},{"ts":"2026-02-12T03:15:00Z","o":67463.4,"h":67493.9,"l":67283.7,"c":67356.1,"v":3584346.0},{"ts":"2026-02-12T03:30:00Z","o":67356.1,"h":67514.2,"l":67301.5,"c":67469.5,"v":3404816.0},{"ts":"2026-02-12T03:45:00Z","o":67469.5,"h":67564.2,"l":67410.1,"c":67555.4,"v":2806074.0},{"ts":"2026-02-12T04:00:00Z","o":67555.4,"h":67656.0,"l":67461.3,"c":67551.4,"v":3735568.0},{"ts":"2026-02-12T04:15:00Z","o":67551.4,"h":67565.2,"l":67163.8,"c":67183.4,"v":4950855.0},{"ts":"2026-02-12T04:30:00Z","o":67183.4,"h":67265.0,"l":67031.0,"c":67206.5,"v":5136731.0},{"ts":"2026-02-12T04:45:00Z","o":67206.5,"h":67251.1,"l":66962.1,"c":66989.9,"v":4113380.0},{"ts":"2026-02-12T05:00:00Z","o":66989.9,"h":67176.1,"l":66735.6,"c":66776.6,"v":6404874.0},{"ts":"2026-02-12T05:15:00Z","o":66776.6,"h":66956.1,"l":66640.0,"c":66850.0,"v":4305129.0},{"ts":"2026-02-12T05:30:00Z","o":66850.0,"h":67100.1,"l":66829.4,"c":67056.2,"v":2798916.0},{"ts":"2026-02-12T05:45:00Z","o":67056.2,"h":67134.3,"l":66969.2,"c":67104.6,"v":2691044.0},{"ts":"2026-02-12T06:00:00Z","o":67104.6,"h":67219.5,"l":66980.0,"c":67080.8,"v":2755685.0},{"ts":"2026-02-12T06:15:00Z","o":67080.8,"h":67328.5,"l":67053.8,"c":67260.3,"v":3809563.0},{"ts":"2026-02-12T06:30:00Z","o":67260.3,"h":67319.8,"l":67115.0,"c":67206.6,"v":3942283.0},{"ts":"2026-02-12T06:45:00Z","o":67206.6,"h":67275.5,"l":67050.0,"c":67096.2,"v":2884231.0},{"ts":"2026-02-12T07:00:00Z","o":67096.2,"h":67124.3,"l":66903.5,"c":66962.6,"v":4066288.0},{"ts":"2026-02-12T07:15:00Z","o":66962.6,"h":67296.8,"l":66923.2,"c":67195.2,"v":3410413.0},{"ts":"2026-02-12T07:30:00Z","o":67195.2,"h":67224.0,"l":67095.1,"c":67095.1,"v":2699902.0},{"ts":"2026-02-12T07:45:00Z","o":67095.1,"h":67203.4,"l":67059.4,"c":67181.5,"v":2985424.0},{"ts":"2026-02-12T08:00:00Z","o":67181.5,"h":67306.6,"l":67050.6,"c":67216.3,"v":4445829.0},{"ts":"2026-02-12T08:15:00Z","o":67216.3,"h":67216.3,"l":66859.5,"c":66896.2,"v":4978084.0},{"ts":"2026-02-12T08:30:00Z","o":66896.2,"h":67038.0,"l":66878.3,"c":66942.8,"v":3486811.0},{"ts":"2026-02-12T08:45:00Z","o":66942.8,"h":67127.9,"l":66942.7,"c":67107.3,"v":3081738.0},{"ts":"2026-02-12T09:00:00Z","o":67107.3,"h":67199.2,"l":67012.2,"c":67158.8,"v":4088064.0},{"ts":"2026-02-12T09:15:00Z","o":67158.8,"h":67293.4,"l":67131.5,"c":67263.0,"v":4725292.0},{"ts":"2026-02-12T09:30:00Z","o":67263.0,"h":67439.1,"l":67213.7,"c":67388.6,"v":4984841.0},{"ts":"2026-02-12T09:45:00Z","o":67388.6,"h":67680.0,"l":67320.0,"c":67517.7,"v":7166002.0},{"ts":"2026-02-12T10:00:00Z","o":67517.7,"h":67597.9,"l":67449.9,"c":67539.0,"v":3838384.0},{"ts":"2026-02-12T10:15:00Z","o":67539.0,"h":67582.3,"l":67381.8,"c":67580.9,"v":4156086.0},{"ts":"2026-02-12T10:30:00Z","o":67580.9,"h":67819.7,"l":67576.1,"c":67635.9,"v":6016760.0},{"ts":"2026-02-12T10:45:00Z","o":67635.9,"h":67994.4,"l":67621.7,"c":67978.0,"v":7579276.0},{"ts":"2026-02-12T11:00:00Z","o":67978.0,"h":68090.1,"l":67707.6,"c":67874.1,"v":9286041.0},{"ts":"2026-02-12T11:15:00Z","o":67874.1,"h":68228.4,"l":67799.4,"c":68170.3,"v":8425079.0},{"ts":"2026-02-12T11:30:00Z","o":68170.3,"h":68257.9,"l":67999.9,"c":68057.0,"v":5258584.0},{"ts":"2026-02-12T11:45:00Z","o":68057.0,"h":68139.6,"l":67970.8,"c":68035.3,"v":4477328.0},{"ts":"2026-02-12T12:00:00Z","o":68035.3,"h":68125.8,"l":67850.0,"c":67988.6,"v":6176667.0},{"ts":"2026-02-12T12:15:00Z","o":67988.6,"h":68005.0,"l":67823.4,"c":67948.7,"v":4842304.0},{"ts":"2026-02-12T12:30:00Z","o":67948.7,"h":67966.9,"l":67815.6,"c":67839.8,"v":2946010.0},{"ts":"2026-02-12T12:45:00Z","o":67839.8,"h":67913.2,"l":67684.8,"c":67832.5,"v":5666483.0},{"ts":"2026-02-12T13:00:00Z","o":67832.5,"h":67853.9,"l":67646.1,"c":67814.9,"v":4619173.0},{"ts":"2026-02-12T13:15:00Z","o":67814.9,"h":68033.5,"l":67649.4,"c":67733.2,"v":8047438.0},{"ts":"2026-02-12T13:30:00Z","o":67733.2,"h":68129.0,"l":67691.5,"c":68081.4,"v":8080911.0},{"ts":"2026-02-12T13:45:00Z","o":68081.4,"h":68366.6,"l":67937.5,"c":68340.0,"v":7113523.0},{"ts":"2026-02-12T14:00:00Z","o":68340.0,"h":68381.5,"l":67820.0,"c":67972.1,"v":9212879.0},{"ts":"2026-02-12T14:15:00Z","o":67972.1,"h":68047.0,"l":67837.0,"c":67963.0,"v":6948879.0},{"ts":"2026-02-12T14:30:00Z","o":67963.0,"h":68249.3,"l":67567.9,"c":67587.1,"v":18299824.0},{"ts":"2026-02-12T14:45:00Z","o":67587.1,"h":67968.3,"l":67453.0,"c":67546.6,"v":12414864.0},{"ts":"2026-02-12T15:00:00Z","o":67546.6,"h":67782.5,"l":66968.2,"c":67382.1,"v":23943306.0},{"ts":"2026-02-12T15:15:00Z","o":67382.1,"h":67927.1,"l":67319.6,"c":67821.6,"v":15664403.0},{"ts":"2026-02-12T15:30:00Z","o":67821.6,"h":67971.2,"l":67214.5,"c":67371.8,"v":13303656.0},{"ts":"2026-02-12T15:45:00Z","o":67371.8,"h":67513.3,"l":67033.6,"c":67103.5,"v":9808421.0},{"ts":"2026-02-12T16:00:00Z","o":67103.5,"h":67211.1,"l":66460.7,"c":66522.8,"v":22162766.0},{"ts":"2026-02-12T16:15:00Z","o":66522.8,"h":66762.3,"l":65960.0,"c":66034.3,"v":16574421.0},{"ts":"2026-02-12T16:30:00Z","o":66034.3,"h":66510.4,"l":65907.4,"c":66243.1,"v":16674528.0},{"ts":"2026-02-12T16:45:00Z","o":66243.1,"h":66338.0,"l":65522.2,"c":65826.2,"v":16919903.0},{"ts":"2026-02-12T17:00:00Z","o":65826.2,"h":65970.5,"l":65530.0,"c":65710.7,"v":9514249.0},{"ts":"2026-02-12T17:15:00Z","o":65710.7,"h":66234.5,"l":65583.0,"c":66096.7,"v":9253238.0},{"ts":"2026-02-12T17:30:00Z","o":66096.7,"h":66177.1,"l":65806.3,"c":65951.2,"v":6374109.0},{"ts":"2026-02-12T17:45:00Z","o":65951.2,"h":66022.6,"l":65331.7,"c":65380.3,"v":12162894.0},{"ts":"2026-02-12T18:00:00Z","o":65380.3,"h":65763.0,"l":65344.2,"c":65664.8,"v":7478085.0},{"ts":"2026-02-12T18:15:00Z","o":65664.8,"h":65691.3,"l":65199.0,"c":65273.2,"v":11128511.0},{"ts":"2026-02-12T18:30:00Z","o":65273.2,"h":65507.6,"l":65081.1,"c":65404.8,"v":8801303.0},{"ts":"2026-02-12T18:45:00Z","o":65404.8,"h":65671.0,"l":65377.7,"c":65559.4,"v":6347793.0},{"ts":"2026-02-12T19:00:00Z","o":65559.4,"h":65720.0,"l":65235.5,"c":65416.8,"v":6533720.0},{"ts":"2026-02-12T19:15:00Z","o":65416.8,"h":65932.7,"l":65382.6,"c":65745.1,"v":7706996.0},{"ts":"2026-02-12T19:30:00Z","o":65745.1,"h":66076.1,"l":65728.4,"c":65948.6,"v":7301165.0},{"ts":"2026-02-12T19:45:00Z","o":65948.6,"h":66088.0,"l":65743.4,"c":65760.8,"v":5417969.0},{"ts":"2026-02-12T20:00:00Z","o":65760.8,"h":66008.7,"l":65576.2,"c":65677.7,"v":7027791.0},{"ts":"2026-02-12T20:15:00Z","o":65677.7,"h":65782.6,"l":65451.5,"c":65477.0,"v":4261713.0},{"ts":"2026-02-12T20:30:00Z","o":65477.0,"h":65609.4,"l":65370.0,"c":65561.9,"v":3562565.0}]},"features":{"P_used":65567.2,"orderbook":{"topN":20,"bandPct":0.0015,"bidSumTopN":121882.0,"askSumTopN":197033.0,"bidAskRatioTopN":0.6185867342018849,"bestBid":65569.4,"bestAsk":65571.0,"spread":1.6000000000058208,"spreadBps":0.24402445125090302,"nearBand":{"bidCount":20,"askCount":20,"topBidWall":{"price":65569.4,"size":17927.0},"topAskWall":{"price":65571.8,"size":101474.0}}},"orderbookHistory":{"available":true,"bidWall":{"samples":27,"persistRate":0.07692307692307693,"churnRate":0.9230769230769231,"sizeCv":0.4235831943370295},"askWall":{"samples":27,"persistRate":0.038461538461538464,"churnRate":0.9615384615384616,"sizeCv":0.7728232144790829}},"trades":{"available":true,"buyVol":8880.0,"sellVol":2048.0,"buyCnt":25,"sellCnt":15,"buyVolRatio":0.8125915080527086,"sellVolRatio":0.18740849194729137,"maxTrade":{"price":65568.7,"vol":4504.0,"T":1}},"openInterest":{"available":true,"windowSamples":23,"oiStart":521645491.0,"oiEnd":521457091.0,"oiChange":-188400.0,"oiChangePct":-0.036116482026679685,"pxStart":65570.9,"pxEnd":65584.4,"pxChangePct":0.02058840125726504,"leverageChaseFlag":false},"context":{"available":true,"range15m":{"hi":67513.3,"lo":65081.1,"pos01":0.19768111175067624,"lastClose":65561.9,"meanClose":65817.945},"range5m":{"hi":67513.3,"lo":65081.1,"pos01":0.1963654304744666,"lastClose":65558.7,"meanClose":65899.49333333335}}}}