{"meta":{"exchange":"MEXC","market":"FUTURES","symbol":"BTC_USDT","generated_at":"2026-02-12T02:48:00Z"},"marketInfo":{"priceUnit":0.1,"volUnit":1,"minVol":1,"contractSize":0.0001,"priceScale":1,"volScale":0,"maxLeverage":500},"price":{"ticker":{"contractId":10,"symbol":"BTC_USDT","lastPrice":67617.8,"bid1":67617.7,"ask1":67617.8,"volume24":326157362,"amount24":2191570183.96284,"holdVol":557060256,"lower24Price":65720.2,"high24Price":69130.3,"riseFallRate":0.0169,"riseFallValue":1128.7,"indexPrice":67655.26,"fairPrice":67625.1,"fundingRate":2e-06,"maxBidPrice":74420.7,"minAskPrice":60889.7,"timestamp":1770864478781,"riseFallRates":{"zone":"UTC+8","r":0.0169,"v":1128.7,"r7":-0.0873,"r30":-0.2619,"r90":-0.3326,"r180":-0.4231,"r365":-0.3026},"riseFallRatesOfTimezone":[-0.0192,0.0084,0.0169]},"funding":{"symbol":"BTC_USDT","fundingRate":3e-06,"maxFundingRate":0.0018,"minFundingRate":-0.0018,"collectCycle":8,"nextSettleTime":1770883200000,"timestamp":1770864481428},"index":{"symbol":"BTC_USDT","indexPrice":67654.9,"timestamp":1770864481209},"fair":{"symbol":"BTC_USDT","fairPrice":67624.7,"timestamp":1770864482128}},"metrics":{"openInterestNow":557060256,"oiHistory":[{"t":1770864485216,"lastPrice":67624.1,"bid1":67624.1,"ask1":67624.2,"holdVol":557062617,"fundingRate":3e-06,"indexPrice":67654.9,"fairPrice":67624.7},{"t":1770864487678,"lastPrice":67617.6,"bid1":67618,"ask1":67618.1,"holdVol":557795212,"fundingRate":3e-06,"indexPrice":67655.27,"fairPrice":67625.1},{"t":1770864490161,"lastPrice":67624.3,"bid1":67624.2,"ask1":67624.3,"holdVol":557848099,"fundingRate":3e-06,"indexPrice":67654.5,"fairPrice":67624.3},{"t":1770864492824,"lastPrice":67624.1,"bid1":67624.1,"ask1":67624.2,"holdVol":557846947,"fundingRate":3e-06,"indexPrice":67654.85,"fairPrice":67624.7},{"t":1770864495258,"lastPrice":67624.2,"bid1":67624.1,"ask1":67624.2,"holdVol":557846025,"fundingRate":3e-06,"indexPrice":67654.99,"fairPrice":67624.9},{"t":1770864497904,"lastPrice":67624.2,"bid1":67624.1,"ask1":67624.2,"holdVol":557846025,"fundingRate":3e-06,"indexPrice":67654.99,"fairPrice":67624.9},{"t":1770864500316,"lastPrice":67646.2,"bid1":67646.2,"ask1":67646.3,"holdVol":557849644,"fundingRate":3e-06,"indexPrice":67676.95,"fairPrice":67646.9},{"t":1770864502859,"lastPrice":67646.2,"bid1":67646.2,"ask1":67646.3,"holdVol":557842396,"fundingRate":3e-06,"indexPrice":67680.71,"fairPrice":67652.8},{"t":1770864505266,"lastPrice":67646.2,"bid1":67646.2,"ask1":67646.3,"holdVol":557842060,"fundingRate":3e-06,"indexPrice":67680.04,"fairPrice":67649.9},{"t":1770864507701,"lastPrice":67646.2,"bid1":67646.2,"ask1":67646.3,"holdVol":557842060,"fundingRate":3e-06,"indexPrice":67680.04,"fairPrice":67649.9},{"t":1770864510120,"lastPrice":67652,"bid1":67652,"ask1":67652.1,"holdVol":557842060,"fundingRate":3e-06,"indexPrice":67682.67,"fairPrice":67652.5},{"t":1770864512574,"lastPrice":67652,"bid1":67658.8,"ask1":67658.9,"holdVol":557842060,"fundingRate":3e-06,"indexPrice":67683.94,"fairPrice":67653.8},{"t":1770864514987,"lastPrice":67658.8,"bid1":67658.8,"ask1":67658.9,"holdVol":557840505,"fundingRate":3e-06,"indexPrice":67690.38,"fairPrice":67660.2},{"t":1770864517410,"lastPrice":67658.6,"bid1":67658.6,"ask1":67658.7,"holdVol":557829772,"fundingRate":3e-06,"indexPrice":67690.6,"fairPrice":67660.5},{"t":1770864519849,"lastPrice":67658.7,"bid1":67658.6,"ask1":67658.7,"holdVol":557833267,"fundingRate":3e-06,"indexPrice":67690.59,"fairPrice":67660.4},{"t":1770864522270,"lastPrice":67658.7,"bid1":67658.6,"ask1":67658.7,"holdVol":557833267,"fundingRate":3e-06,"indexPrice":67690.59,"fairPrice":67660.4},{"t":1770864524831,"lastPrice":67658.7,"bid1":67658.6,"ask1":67658.7,"holdVol":557833267,"fundingRate":3e-06,"indexPrice":67690.59,"fairPrice":67660.4},{"t":1770864527269,"lastPrice":67657.4,"bid1":67657.4,"ask1":67657.5,"holdVol":557831107,"fundingRate":3e-06,"indexPrice":67690.6,"fairPrice":67660.4},{"t":1770864529742,"lastPrice":67658.4,"bid1":67658.4,"ask1":67658.5,"holdVol":557831107,"fundingRate":3e-06,"indexPrice":67690.59,"fairPrice":67660.4},{"t":1770864532168,"lastPrice":67668.9,"bid1":67668.9,"ask1":67669,"holdVol":557852198,"fundingRate":3e-06,"indexPrice":67700.7,"fairPrice":67670.5},{"t":1770864534641,"lastPrice":67672.4,"bid1":67672.3,"ask1":67672.4,"holdVol":557866608,"fundingRate":3e-06,"indexPrice":67702.58,"fairPrice":67672.4},{"t":1770864537077,"lastPrice":67679.9,"bid1":67679.9,"ask1":67680,"holdVol":557790931,"fundingRate":3e-06,"indexPrice":67711.72,"fairPrice":67681.3},{"t":1770864539496,"lastPrice":67688,"bid1":67687.9,"ask1":67688,"holdVol":557790883,"fundingRate":3e-06,"indexPrice":67717.91,"fairPrice":67687.7},{"t":1770864541938,"lastPrice":67687.9,"bid1":67687.9,"ask1":67688,"holdVol":557757264,"fundingRate":3e-06,"indexPrice":67719.39,"fairPrice":67689.1},{"t":1770864544499,"lastPrice":67687.9,"bid1":67687.9,"ask1":67688,"holdVol":557757264,"fundingRate":3e-06,"indexPrice":67719.39,"fairPrice":67689.1}],"fundingRateNow":2e-06,"fundingRateHistory":{"pageSize":24,"totalCount":1619,"totalPage":68,"currentPage":1,"resultList":[{"symbol":"BTC_USDT","fundingRate":-1.3e-05,"settleTime":1770854400000,"collectCycle":8},{"symbol":"BTC_USDT","fundingRate":-1.2e-05,"settleTime":1770825600000,"collectCycle":8},{"symbol":"BTC_USDT","fundingRate":-8.3e-05,"settleTime":1770796800000,"collectCycle":8},{"symbol":"BTC_USDT","fundingRate":1.3e-05,"settleTime":1770768000000,"collectCycle":8},{"symbol":"BTC_USDT","fundingRate":-8.8e-05,"settleTime":1770739200000,"collectCycle":8},{"symbol":"BTC_USDT","fundingRate":-4.7e-05,"settleTime":1770710400000,"collectCycle":8},{"symbol":"BTC_USDT","fundingRate":-9e-05,"settleTime":1770681600000,"collectCycle":8},{"symbol":"BTC_USDT","fundingRate":-4.2e-05,"settleTime":1770652800000,"collectCycle":8},{"symbol":"BTC_USDT","fundingRate":1.7e-05,"settleTime":1770624000000,"collectCycle":8},{"symbol":"BTC_USDT","fundingRate":-2.9e-05,"settleTime":1770595200000,"collectCycle":8},{"symbol":"BTC_USDT","fundingRate":-4.9e-05,"settleTime":1770566400000,"collectCycle":8},{"symbol":"BTC_USDT","fundingRate":-3.5e-05,"settleTime":1770537600000,"collectCycle":8},{"symbol":"BTC_USDT","fundingRate":-3.4e-05,"settleTime":1770508800000,"collectCycle":8},{"symbol":"BTC_USDT","fundingRate":-3e-05,"settleTime":1770480000000,"collectCycle":8},{"symbol":"BTC_USDT","fundingRate":-8.2e-05,"settleTime":1770451200000,"collectCycle":8},{"symbol":"BTC_USDT","fundingRate":-0.000152,"settleTime":1770422400000,"collectCycle":8},{"symbol":"BTC_USDT","fundingRate":-0.000133,"settleTime":1770393600000,"collectCycle":8},{"symbol":"BTC_USDT","fundingRate":-0.000136,"settleTime":1770364800000,"collectCycle":8},{"symbol":"BTC_USDT","fundingRate":-1.3e-05,"settleTime":1770336000000,"collectCycle":8},{"symbol":"BTC_USDT","fundingRate":-4.9e-05,"settleTime":1770307200000,"collectCycle":8},{"symbol":"BTC_USDT","fundingRate":5e-06,"settleTime":1770278400000,"collectCycle":8},{"symbol":"BTC_USDT","fundingRate":9.1e-05,"settleTime":1770249600000,"collectCycle":8},{"symbol":"BTC_USDT","fundingRate":4.6e-05,"settleTime":1770220800000,"collectCycle":8},{"symbol":"BTC_USDT","fundingRate":3.5e-05,"settleTime":1770192000000,"collectCycle":8}]}},"orderbook":{"asks":[[67624.2,12382,4],[67624.3,3803,1],[67624.4,3575,1],[67624.5,4342,1],[67624.6,3684,1],[67624.7,4517,1],[67624.8,5532,2],[67624.9,3399,1],[67625,102971,2],[67625.1,3586,1],[67625.2,4350,1],[67625.3,4542,1],[67625.4,4039,1],[67625.5,4289,1],[67625.6,3995,1],[67625.7,3756,1],[67625.8,4954,2],[67625.9,3623,1],[67626,3416,1],[67626.1,3400,1]],"bids":[[67624.1,9917,1],[67624,3803,1],[67623.9,3575,1],[67623.8,4342,1],[67623.7,3684,1],[67623.6,4517,1],[67623.5,4524,1],[67623.4,3399,1],[67623.3,4578,1],[67623.2,101979,2],[67623.1,4350,1],[67623,4542,1],[67622.9,4039,1],[67622.8,5297,2],[67622.7,3995,1],[67622.6,3756,1],[67622.5,3946,1],[67622.4,3623,1],[67622.3,3416,1],[67622.2,3400,1]],"version":32356492315,"timestamp":1770864482118},"orderbookHistory":{"depthCommits":[{"asks":[[67718.3,8,1]],"bids":[],"version":32356492362},{"asks":[],"bids":[[67624.1,0,0],[67624,0,0],[67623.9,0,0],[67623.8,0,0],[67623.7,0,0],[67623.6,0,0],[67623.5,0,0],[67623.4,0,0],[67623.3,0,0],[67623.2,81391,1]],"version":32356492361},{"asks":[[67718.3,4548,2]],"bids":[],"version":32356492360},{"asks":[[67698.7,3626,2]],"bids":[],"version":32356492359},{"asks":[[67633.4,2814,1]],"bids":[],"version":32356492358},{"asks":[[67627.4,5478,2]],"bids":[],"version":32356492357},{"asks":[],"bids":[[67624.1,16372,3]],"version":32356492356},{"asks":[[67628.1,1008,1]],"bids":[],"version":32356492355},{"asks":[[67629.2,5698,2]],"bids":[],"version":32356492354},{"asks":[],"bids":[[67624.1,16557,4]],"version":32356492353},{"asks":[],"bids":[[67556,2,1]],"version":32356492352},{"asks":[[67630.6,5707,2]],"bids":[],"version":32356492351},{"asks":[[67629.9,5700,2]],"bids":[],"version":32356492350},{"asks":[],"bids":[[67624.1,16372,3]],"version":32356492349},{"asks":[],"bids":[[67556,5525,2]],"version":32356492348},{"asks":[],"bids":[[67624.1,12973,2]],"version":32356492347},{"asks":[],"bids":[[67624,7377,2]],"version":32356492346},{"asks":[[67628.5,4803,1]],"bids":[],"version":32356492345},{"asks":[[67632,3426,2]],"bids":[],"version":32356492344},{"asks":[[67624.2,9916,1]],"bids":[],"version":32356492343},{"asks":[],"bids":[[67551.5,3651,2]],"version":32356492342},{"asks":[[67718.2,0,0]],"bids":[],"version":32356492341},{"asks":[[67630.6,4699,1]],"bids":[],"version":32356492340},{"asks":[[67631.3,1008,1]],"bids":[],"version":32356492339},{"asks":[[67698.6,0,0]],"bids":[],"version":32356492338},{"asks":[[67633.4,3822,2]],"bids":[],"version":32356492337},{"asks":[[67629.2,4690,1]],"bids":[],"version":32356492336},{"asks":[[67632.7,3718,2]],"bids":[],"version":32356492335},{"asks":[[67629.9,4692,1]],"bids":[],"version":32356492334},{"asks":[[67624.2,9932,2]],"bids":[],"version":32356492333},{"asks":[[67694.2,0,0]],"bids":[],"version":32356492332},{"asks":[[67624.2,10754,3]],"bids":[],"version":32356492331},{"asks":[[67624.2,11576,4]],"bids":[],"version":32356492330},{"asks":[[67624.2,14988,5]],"bids":[],"version":32356492329},{"asks":[[67624.2,15810,6]],"bids":[],"version":32356492328},{"asks":[[67627.6,4943,1]],"bids":[],"version":32356492327},{"asks":[],"bids":[[67624.1,9794,1]],"version":32356492326},{"asks":[[67625.8,3946,1]],"bids":[],"version":32356492325},{"asks":[[67626.9,12150,4]],"bids":[],"version":32356492324},{"asks":[[67626.9,13158,5]],"bids":[],"version":32356492323},{"asks":[[67624.8,4524,1]],"bids":[],"version":32356492322},{"asks":[[67624.2,16632,7]],"bids":[],"version":32356492321},{"asks":[[67630.6,5707,2]],"bids":[],"version":32356492320},{"asks":[[67624.2,16616,6]],"bids":[],"version":32356492319},{"asks":[],"bids":[[67623.5,5532,2]],"version":32356492318},{"asks":[],"bids":[[67617.8,3744,1]],"version":32356492317},{"asks":[[67624.2,13204,5]],"bids":[],"version":32356492316},{"asks":[],"bids":[[67551.5,1,1]],"version":32356492315},{"asks":[[67624.2,12382,4]],"bids":[],"version":32356492314},{"asks":[[67624.2,11560,3]],"bids":[],"version":32356492313},{"asks":[[67624.2,10738,2]],"bids":[],"version":32356492312},{"asks":[[67624.2,9916,1]],"bids":[],"version":32356492311},{"asks":[],"bids":[[67622.8,5297,2]],"version":32356492310},{"asks":[],"bids":[[67617,6434,2]],"version":32356492309},{"asks":[],"bids":[[67551.5,4589,2]],"version":32356492308},{"asks":[[67718.2,5956,1]],"bids":[],"version":32356492307},{"asks":[[67694.2,4332,1]],"bids":[],"version":32356492306},{"asks":[],"bids":[[67548.2,3575,2]],"version":32356492305},{"asks":[],"bids":[[67622.1,5099,2]],"version":32356492304},{"asks":[[67624.2,9917,1]],"bids":[],"version":32356492303}],"polled":{"seconds":60,"stepSec":2.0,"levels":20,"snapshots":[{"timestamp":1770864546387,"version":32356530588,"bids":[[67672.9,13578,3],[67672.8,9824,2],[67672.7,3494,1],[67672.6,4973,2],[67672.5,4341,1],[67672.4,3582,1],[67672.3,4120,1],[67672.2,3523,1],[67672.1,4099,1],[67672,101893,2],[67671.9,4490,2],[67671.8,4494,1],[67671.7,3503,1],[67671.6,4349,1],[67671.5,3862,1],[67671.4,3994,1],[67671.3,3633,1],[67671.2,5361,2],[67671.1,4084,1],[67671,3709,1]],"asks":[[67673,6681,1],[67673.1,3983,1],[67673.2,3494,1],[67673.3,3965,1],[67673.4,4341,1],[67673.5,3582,1],[67673.6,4120,1],[67673.7,3523,1],[67673.8,102421,2],[67673.9,3571,1],[67674,3482,1],[67674.1,4494,1],[67674.2,3503,1],[67674.3,4349,1],[67674.4,3862,1],[67674.5,3994,1],[67674.6,3633,1],[67674.7,4353,1],[67674.8,4084,1],[67674.9,3709,1]]},{"timestamp":1770864548603,"version":32356531105,"bids":[[67672.9,10224,1],[67672.8,4042,1],[67672.7,3746,1],[67672.6,3941,1],[67672.5,4012,1],[67672.4,4496,1],[67672.3,3503,1],[67672.2,3550,1],[67672.1,4007,1],[67672,102743,2],[67671.9,3720,1],[67671.8,3910,1],[67671.7,3890,1],[67671.6,4364,1],[67671.5,4541,1],[67671.4,3664,1],[67671.3,4457,1],[67671.2,4131,1],[67671.1,4385,1],[67671,3599,1]],"asks":[[67673,18306,6],[67673.1,7726,2],[67673.2,3746,1],[67673.3,3941,1],[67673.4,4012,1],[67673.5,4496,1],[67673.6,3503,1],[67673.7,3550,1],[67673.8,103337,3],[67673.9,4421,1],[67674,3720,1],[67674.1,3910,1],[67674.2,3890,1],[67674.3,4364,1],[67674.4,4541,1],[67674.5,4672,2],[67674.6,4457,1],[67674.7,4131,1],[67674.8,4385,1],[67674.9,3599,1]]},{"timestamp":1770864550767,"version":32356532940,"bids":[[67676.6,9822,1],[67676.5,3638,1],[67676.4,4101,1],[67676.2,5204,2],[67676.1,3510,1],[67676,3801,1],[67675.9,4575,1],[67675.8,3750,1],[67675.7,102754,2],[67675.6,3699,1],[67675.5,3578,1],[67675.4,4483,2],[67675.3,4182,1],[67675.2,3511,1],[67674.8,4313,1],[67674.7,4611,2],[67674.6,4202,1],[67674.5,4044,1],[67674.4,4298,1],[67674.3,4355,1]],"asks":[[67676.7,13893,2],[67676.8,7395,2],[67676.9,7670,2],[67677,3849,1],[67677.1,4016,1],[67677.2,3619,1],[67677.3,3560,1],[67677.4,4033,1],[67677.5,101897,2],[67677.6,3843,1],[67677.7,3566,1],[67677.8,4150,1],[67678.2,3405,1],[67678.3,4578,1],[67678.4,3724,1],[67678.5,3913,1],[67678.6,4565,1],[67678.7,4077,1],[67678.8,4963,2],[67678.9,3901,1]]},{"timestamp":1770864553261,"version":32356535345,"bids":[[67679.3,102489,2],[67679.2,3681,1],[67679.1,3831,1],[67679,3578,1],[67678.9,3420,1],[67678.8,4300,1],[67678.7,4325,1],[67678.6,5050,2],[67678.5,3634,1],[67678.4,4461,1],[67678.3,4585,1],[67678.2,3897,1],[67678.1,4378,1],[67678,4078,1],[67677.9,5466,2],[67677.8,3884,1],[67677.7,3668,1],[67677.6,3427,1],[67677.5,12554,3],[67677.4,4373,1]],"asks":[[67680.3,10873,1],[67680.4,4212,1],[67680.5,3827,1],[67680.6,4204,1],[67680.7,3415,1],[67680.8,4490,1],[67680.9,3423,1],[67681,4459,1],[67681.1,101898,2],[67681.2,4386,1],[67681.3,3681,1],[67681.4,3831,1],[67681.5,3578,1],[67681.6,3420,1],[67681.7,4300,1],[67681.8,4325,1],[67681.9,4042,1],[67682,3634,1],[67682.1,4461,1],[67682.2,4585,1]]},{"timestamp":1770864555520,"version":32356535770,"bids":[[67680.2,8354,1],[67680.1,4574,1],[67680,4331,1],[67679.9,3645,1],[67679.8,4030,1],[67679.7,4079,1],[67679.6,3742,1],[67679.5,3493,1],[67679.4,3583,1],[67679.3,102800,2],[67679.2,4492,1],[67679.1,3562,1],[67679,4531,1],[67678.9,4007,1],[67678.8,4191,1],[67678.7,4301,1],[67678.6,3943,1],[67678.5,4271,1],[67678.4,5303,2],[67678.3,4235,1]],"asks":[[67680.3,8059,6],[67680.4,3730,1],[67680.5,4137,1],[67680.6,3645,1],[67680.7,4030,1],[67680.8,5087,2],[67680.9,3742,1],[67681,3975,2],[67681.1,101895,2],[67681.2,4488,1],[67681.3,4492,1],[67681.4,3562,1],[67681.5,5539,2],[67681.6,4007,1],[67681.7,4191,1],[67681.8,4301,1],[67681.9,3943,1],[67682,4271,1],[67682.1,4295,1],[67682.2,4235,1]]},{"timestamp":1770864557676,"version":32356536825,"bids":[[67680.2,1008,1],[67680.1,4259,1],[67680,4508,1],[67679.9,3696,1],[67679.8,4343,1],[67679.7,3856,1],[67679.6,4442,1],[67679.5,4661,2],[67679.4,4183,1],[67679.3,102269,2],[67679.2,4492,1],[67679.1,4344,1],[67679,4529,1],[67678.9,4571,1],[67678.8,4457,2],[67678.7,3959,1],[67678.6,4505,1],[67678.5,3506,1],[67678.4,3467,1],[67678.3,4163,1]],"asks":[[67680.3,165730,2],[67680.4,4259,1],[67680.5,4508,1],[67680.6,3696,1],[67680.7,4343,1],[67680.8,3856,1],[67680.9,4442,1],[67681,4135,2],[67681.1,102495,2],[67681.2,3957,1],[67681.3,4492,1],[67681.4,4344,1],[67681.5,4529,1],[67681.6,4571,1],[67681.7,3449,1],[67681.8,3959,1],[67681.9,4505,1],[67682,3506,1],[67682.1,3467,1],[67682.2,4163,1]]},{"timestamp":1770864559812,"version":32356537265,"bids":[[67680.2,11353,1],[67680.1,4039,1],[67680,4327,1],[67679.9,4515,1],[67679.8,3676,1],[67679.7,4542,1],[67679.6,3660,1],[67679.5,3904,1],[67679.4,4382,1],[67679.3,102722,2],[67679.2,4299,1],[67679.1,4242,1],[67679,3987,1],[67678.9,3965,1],[67678.8,3689,1],[67678.7,4222,1],[67678.6,4005,1],[67678.5,3806,1],[67678.4,4451,1],[67678.3,4464,1]],"asks":[[67680.3,168109,4],[67680.4,4039,1],[67680.5,4327,1],[67680.6,5523,2],[67680.7,3676,1],[67680.8,4542,1],[67680.9,3660,1],[67681,3904,1],[67681.1,102694,2],[67681.2,4410,1],[67681.3,4299,1],[67681.4,5250,2],[67681.5,3987,1],[67681.6,3965,1],[67681.7,3689,1],[67681.8,4222,1],[67681.9,4005,1],[67682,3806,1],[67682.1,5459,2],[67682.2,4464,1]]},{"timestamp":1770864561818,"version":32356537650,"bids":[[67680.2,13178,4],[67680.1,8398,2],[67680,4529,1],[67679.9,4544,1],[67679.8,4386,1],[67679.7,4592,2],[67679.6,3960,1],[67679.5,3688,1],[67679.4,4253,1],[67679.3,102250,2],[67679.2,3608,1],[67679.1,3985,1],[67679,4718,2],[67678.9,4178,1],[67678.8,3659,1],[67678.7,3489,1],[67678.6,3897,1],[67678.5,4509,1],[67678.4,3537,1],[67678.3,4843,2]],"asks":[[67680.3,161076,3],[67680.4,4558,1],[67680.5,4529,1],[67680.6,4544,1],[67680.7,4386,1],[67680.8,3584,1],[67680.9,3960,1],[67681,3688,1],[67681.1,102565,2],[67681.2,3937,1],[67681.3,3608,1],[67681.4,3985,1],[67681.5,3710,1],[67681.6,4178,1],[67681.7,3659,1],[67681.8,3489,1],[67681.9,3897,1],[67682,4509,1],[67682.1,3537,1],[67682.2,3835,1]]},{"timestamp":1770864564186,"version":32356539080,"bids":[[67683.9,4205,2],[67683.5,4360,2],[67683.4,4812,1],[67683.3,2916,1],[67683.2,6958,2],[67683.1,2742,1],[67683,6059,2],[67682.9,2561,1],[67682.8,7180,3],[67682.7,2582,1],[67682.6,6818,2],[67682.5,2621,1],[67682.4,7190,2],[67682.3,2450,1],[67682.2,6329,2],[67682.1,3768,2],[67682,6954,2],[67681.9,2804,1],[67681.8,6819,2],[67681.7,2279,1]],"asks":[[67684,547,1],[67688.2,1008,1],[67688.9,1008,1],[67689.7,16,1],[67690,3765,1],[67690.1,1008,1],[67690.2,10767,1],[67690.3,3804,1],[67690.4,3668,1],[67690.5,3950,1],[67690.6,3685,1],[67690.7,3862,1],[67690.8,3491,1],[67690.9,4728,2],[67691,102228,2],[67691.1,3431,1],[67691.2,3868,1],[67691.3,3966,1],[67691.4,3905,1],[67691.5,4372,1]]},{"timestamp":1770864566417,"version":32356540090,"bids":[[67685.5,14768,2],[67685.4,7435,2],[67685.3,7887,2],[67685.2,3882,1],[67685.1,4316,1],[67685,3615,1],[67684.9,3583,1],[67684.8,3919,1],[67684.7,4032,1],[67684.6,102660,2],[67684.5,3499,1],[67684.4,4509,1],[67684.3,4381,1],[67684.2,3625,1],[67684.1,4450,1],[67684,3566,1],[67683.6,4009,1],[67683.5,4463,1],[67683.4,4359,1],[67683.3,3706,1]],"asks":[[67685.6,10913,7],[67685.7,11183,4],[67685.8,3910,1],[67685.9,4949,2],[67686,3663,1],[67686.1,3754,1],[67686.2,4404,1],[67686.3,3840,1],[67686.4,102353,2],[67686.5,3951,1],[67686.6,4052,1],[67686.8,1008,1],[67687,3716,1],[67687.1,4520,1],[67687.2,3709,1],[67687.3,4158,2],[67687.4,3763,1],[67687.5,5040,2],[67687.6,3543,1],[67687.7,3416,1]]},{"timestamp":1770864568577,"version":32356541935,"bids":[[67677.2,10692,2],[67677.1,3506,1],[67677,3846,1],[67676.9,3606,1],[67676.8,3712,1],[67676.7,3947,1],[67676.6,4030,1],[67676.5,3395,1],[67676.4,3491,1],[67676.3,103045,3],[67676.2,4187,1],[67676.1,3898,1],[67676,4177,1],[67675.9,3413,1],[67675.8,3673,1],[67675.7,3865,1],[67675.6,4646,2],[67675.5,3524,1],[67675.4,3515,1],[67675.3,4279,1]],"asks":[[67677.3,12972,5],[67677.4,3506,1],[67677.5,3846,1],[67677.6,3605,1],[67677.7,3712,1],[67677.8,3947,1],[67677.9,4030,1],[67678,3395,1],[67678.1,101807,2],[67678.2,3721,1],[67678.3,4187,1],[67678.4,3898,1],[67678.5,4177,1],[67678.6,3413,1],[67678.7,3673,1],[67678.8,3865,1],[67678.9,3638,1],[67679,3524,1],[67679.1,3515,1],[67679.2,4279,1]]},{"timestamp":1770864570734,"version":32356542367,"bids":[[67677.2,10140,1],[67677.1,3592,1],[67677,4251,1],[67676.9,3421,1],[67676.8,5473,2],[67676.7,4428,1],[67676.6,4166,1],[67676.5,3648,1],[67676.4,3982,1],[67676.3,102257,2],[67676.2,4433,1],[67676.1,5180,2],[67676,3693,1],[67675.9,4467,1],[67675.8,4330,1],[67675.7,4490,1],[67675.6,4041,1],[67675.5,4354,1],[67675.4,4156,1],[67675.3,4325,1]],"asks":[[67677.3,13535,3],[67677.4,3592,1],[67677.5,4251,1],[67677.6,3421,1],[67677.7,4465,1],[67677.8,4428,1],[67677.9,4166,1],[67678,4656,2],[67678.1,102298,2],[67678.2,3941,1],[67678.3,4433,1],[67678.4,4172,1],[67678.5,3693,1],[67678.6,4467,1],[67678.7,5338,2],[67678.8,4490,1],[67678.9,4041,1],[67679,4354,1],[67679.1,4156,1],[67679.2,4325,1]]},{"timestamp":1770864572878,"version":32356543950,"bids":[[67677.6,10153,2],[67677.5,5420,2],[67677.4,4358,1],[67677.3,3984,1],[67677.2,3714,1],[67677.1,4529,1],[67677,3960,1],[67676.9,4206,1],[67676.8,4585,1],[67676.7,102681,2],[67676.6,4146,1],[67676.5,5462,2],[67676.4,4499,1],[67676.3,3522,1],[67676.2,4236,1],[67676.1,3729,1],[67676,3787,1],[67675.9,4563,1],[67675.8,4279,1],[67675.7,3798,1]],"asks":[[67677.7,9300,1],[67677.8,4412,1],[67677.9,4358,1],[67678,3984,1],[67678.1,3714,1],[67678.2,4529,1],[67678.3,3960,1],[67678.4,4206,1],[67678.5,102900,2],[67678.6,4366,1],[67678.7,4146,1],[67678.8,4454,1],[67678.9,4499,1],[67679,3522,1],[67679.1,4236,1],[67679.2,3729,1],[67679.3,4795,2],[67679.4,4563,1],[67679.5,4279,1],[67679.6,3798,1]]},{"timestamp":1770864575442,"version":32356544827,"bids":[[67681.1,8378,6],[67681,4742,3],[67680.3,1008,1],[67679.6,1008,1],[67678.9,1008,1],[67677.8,7491,2],[67677.7,8377,2],[67677.6,3854,1],[67677.5,5927,2],[67677.3,9180,2],[67677.2,4575,1],[67677.1,7904,2],[67677,3843,1],[67676.9,4026,1],[67676.7,3714,1],[67676.6,15,1],[67676.5,5095,2],[67676.3,4015,1],[67676.1,4404,1],[67675.9,4945,1]],"asks":[[67681.2,5524,2],[67681.3,7099,2],[67681.4,4199,1],[67681.5,3608,1],[67681.6,4148,1],[67681.7,3459,1],[67681.8,3728,1],[67681.9,102221,2],[67682,3504,1],[67682.1,3844,1],[67682.2,4449,1],[67682.3,3943,1],[67682.7,4401,1],[67682.8,3967,1],[67682.9,4175,1],[67683,3514,1],[67683.1,4426,1],[67683.2,3614,1],[67683.3,3971,1],[67683.4,3625,1]]},{"timestamp":1770864577464,"version":32356545915,"bids":[[67684.5,15766,4],[67684.4,9967,2],[67684.3,4621,2],[67684.2,4164,1],[67684.1,4167,1],[67684,3738,1],[67683.9,4205,1],[67683.8,4295,1],[67683.7,3487,1],[67683.6,101914,2],[67683.5,3716,1],[67683.4,4582,1],[67683.3,3602,1],[67683.2,3929,1],[67683.1,4642,2],[67683,3805,1],[67682.9,4382,1],[67682.8,3500,1],[67682.7,3879,1],[67682.6,4044,1]],"asks":[[67684.6,9719,1],[67684.7,4403,1],[67684.8,3613,1],[67684.9,4164,1],[67685,4167,1],[67685.1,3738,1],[67685.2,4205,1],[67685.3,4295,1],[67685.4,101792,2],[67685.5,3609,1],[67685.6,3716,1],[67685.7,4582,1],[67685.8,3602,1],[67685.9,3929,1],[67686,3634,1],[67686.1,3805,1],[67686.2,4382,1],[67686.3,3500,1],[67686.4,3879,1],[67686.5,4043,1]]},{"timestamp":1770864579815,"version":32356546320,"bids":[[67684.5,14553,2],[67684.4,3906,1],[67684.3,4428,1],[67684.2,3675,1],[67684.1,4387,1],[67684,3789,1],[67683.9,4197,1],[67683.8,3938,1],[67683.7,4500,1],[67683.6,102587,2],[67683.5,3560,1],[67683.4,3600,1],[67683.3,4546,1],[67683.2,4545,2],[67683.1,4578,1],[67683,3989,1],[67682.9,4055,1],[67682.8,3856,1],[67682.7,4360,1],[67682.6,3910,1]],"asks":[[67684.6,11196,2],[67684.7,3906,1],[67684.8,4428,1],[67684.9,4683,2],[67685,4387,1],[67685.1,3789,1],[67685.2,4197,1],[67685.3,3938,1],[67685.4,102805,2],[67685.5,4282,1],[67685.6,4568,2],[67685.7,3600,1],[67685.8,4546,1],[67685.9,3537,1],[67686,4578,1],[67686.1,3989,1],[67686.2,4055,1],[67686.3,3856,1],[67686.4,5368,2],[67686.5,3910,1]]},{"timestamp":1770864581847,"version":32356547055,"bids":[[67685.5,18977,6],[67685.4,11903,3],[67685.3,3927,1],[67685.2,4053,1],[67685.1,3963,1],[67685,3704,1],[67684.9,3465,1],[67684.8,5187,2],[67684.7,3684,1],[67684.6,101799,2],[67684.5,4108,1],[67684.4,3439,1],[67684.3,4519,1],[67684.2,4538,1],[67684.1,4868,2],[67684,4223,1],[67683.9,4066,1],[67683.8,4411,1],[67683.7,3831,1],[67683.6,3653,1]],"asks":[[67685.6,10427,1],[67685.7,4437,1],[67685.8,3927,1],[67685.9,4053,1],[67686,3963,1],[67686.1,3704,1],[67686.2,3465,1],[67686.3,4179,1],[67686.4,101988,2],[67686.5,3495,1],[67686.6,4108,1],[67686.7,3439,1],[67686.8,4519,1],[67686.9,4538,1],[67687,3860,1],[67687.1,4223,1],[67687.2,4066,1],[67687.3,4411,1],[67687.4,3831,1],[67687.5,3653,1]]},{"timestamp":1770864584169,"version":32356547730,"bids":[[67687,17921,5],[67686.9,4426,1],[67686.8,4202,1],[67686.7,3730,1],[67686.6,13045,4],[67686.5,4340,1],[67686.4,4453,1],[67686.3,4091,1],[67686.2,3902,1],[67686.1,102864,2],[67686,4194,1],[67685.9,4432,1],[67685.5,1008,1],[67685.2,3427,1],[67685.1,3657,1],[67685,4051,1],[67684.9,4546,1],[67684.8,5298,2],[67684.7,3492,1],[67684.6,4064,1]],"asks":[[67687.1,13680,2],[67687.2,8349,2],[67687.3,7635,2],[67687.4,3815,1],[67687.5,3852,1],[67687.6,4299,1],[67687.7,4457,1],[67687.8,3718,1],[67687.9,102780,2],[67688,4517,1],[67688.1,4452,1],[67688.2,3886,1],[67688.5,8413,2],[67688.6,11955,3],[67688.7,11685,3],[67688.8,8319,2],[67688.9,7746,2],[67689,8742,2],[67689.1,7951,2],[67689.2,9753,3]]},{"timestamp":1770864585968,"version":32356548285,"bids":[[67688.5,10213,1],[67688.4,4006,1],[67688.3,3411,1],[67688.2,3836,1],[67688.1,4406,1],[67688,4227,1],[67687.9,4243,1],[67687.8,3513,1],[67687.7,3861,1],[67687.6,102580,2],[67687.5,4455,1],[67687.4,4084,1],[67687.3,4851,2],[67687.2,4316,1],[67687.1,4426,1],[67687,3426,1],[67686.7,4112,1],[67686.6,5012,2],[67686.5,4297,1],[67686.4,4144,1]],"asks":[[67688.6,14318,2],[67688.7,8465,2],[67688.8,6969,2],[67688.9,4528,1],[67689,4038,1],[67689.1,3784,1],[67689.2,5575,2],[67689.3,3418,1],[67689.4,102534,2],[67689.5,4563,1],[67689.6,4268,1],[67689.7,3949,1],[67689.9,1008,1],[67690.1,3426,1],[67690.2,3968,1],[67690.3,4042,1],[67690.4,4286,1],[67690.5,4410,1],[67690.6,4939,2],[67690.7,4431,1]]},{"timestamp":1770864588583,"version":32356549245,"bids":[[67690.6,3882,1],[67690.1,16392,2],[67690,3470,1],[67689.9,4464,1],[67689.8,4200,1],[67689.7,4159,1],[67689.6,4447,1],[67689.5,4963,2],[67689.4,3974,1],[67689.3,4030,1],[67689.2,102854,2],[67689.1,3858,1],[67689,3731,1],[67688.9,3806,1],[67688.8,4246,1],[67688.7,5326,2],[67688.6,3899,1],[67688.5,3480,1],[67688.4,3965,1],[67688.3,3640,1]],"asks":[[67690.7,4447,1],[67690.8,3955,1],[67690.9,3974,1],[67691,102327,2],[67691.1,4557,1],[67691.2,3858,1],[67691.3,3731,1],[67691.4,4814,2],[67691.5,4246,1],[67691.6,4318,1],[67691.7,3899,1],[67691.8,3480,1],[67691.9,3965,1],[67692,3740,2],[67692.1,5366,2],[67692.2,3837,1],[67692.3,3772,1],[67692.4,4164,1],[67692.5,3822,1],[67692.6,3745,1]]},{"timestamp":1770864591031,"version":32356549625,"bids":[[67690.1,8453,1],[67690,4121,1],[67689.9,4214,1],[67689.8,4565,1],[67689.7,4333,1],[67689.6,4319,1],[67689.5,4548,1],[67689.4,4013,1],[67689.3,4407,1],[67689.2,101748,2],[67689.1,3489,1],[67689,3558,1],[67688.9,4737,2],[67688.8,3615,1],[67688.7,4155,1],[67688.6,4032,1],[67688.5,3924,1],[67688.4,3533,1],[67688.3,4515,1],[67688.2,5547,2]],"asks":[[67690.4,4214,1],[67690.5,4565,1],[67690.6,4333,1],[67690.7,5327,2],[67690.8,4548,1],[67690.9,4013,1],[67691,102704,2],[67691.1,3451,1],[67691.2,3489,1],[67691.3,3558,1],[67691.4,4737,2],[67691.5,3615,1],[67691.6,4155,1],[67691.7,4032,1],[67691.8,3924,1],[67691.9,3533,1],[67692,4615,2],[67692.1,5547,2],[67692.2,4585,1],[67692.3,4355,1]]},{"timestamp":1770864593264,"version":32356553175,"bids":[[67711.1,9640,1],[67711,3416,1],[67710.9,3877,1],[67710.8,4027,1],[67710.7,3553,1],[67710.6,3507,1],[67710.5,3611,1],[67710.4,3459,1],[67710.3,4328,1],[67710.2,101949,2],[67710.1,4427,1],[67710,4385,1],[67709.9,4329,1],[67709.8,4108,1],[67709.7,4122,1],[67709.6,4094,1],[67709.5,4000,1],[67709.4,3693,1],[67709.3,3714,1],[67709.2,5377,2]],"asks":[[67711.2,10648,2],[67711.3,3416,1],[67711.4,3877,1],[67711.5,4027,1],[67711.6,3553,1],[67711.7,3507,1],[67711.8,3611,1],[67711.9,4467,2],[67712,102595,2],[67712.1,3682,1],[67712.2,4427,1],[67712.3,4385,1],[67712.4,4329,1],[67712.5,4108,1],[67712.6,5130,2],[67712.7,4094,1],[67712.8,4010,2],[67712.9,3693,1],[67713,3714,1],[67713.1,4369,1]]},{"timestamp":1770864595323,"version":32356554780,"bids":[[67714.9,3858,1],[67714.6,22944,3],[67714.5,1022,2],[67713.9,2842,1],[67713.8,3568,2],[67713.7,3036,1],[67713.6,2333,1],[67713.5,2951,1],[67713.4,2857,1],[67713.3,2303,1],[67713.2,2395,1],[67712.8,7025,5],[67712.7,7555,4],[67712.6,15516,5],[67712.5,7336,4],[67712.4,7021,2],[67712.3,2572,1],[67712.2,6361,2],[67712.1,2721,1],[67712,7728,2]],"asks":[[67715,1845,1],[67715.6,2,1],[67718.3,8,1],[67720,6,2],[67720.2,3,1],[67720.5,14232,2],[67720.6,8848,2],[67720.7,7134,2],[67720.8,13872,2],[67720.9,7401,2],[67721,7821,2],[67721.1,4069,1],[67721.2,4480,1],[67721.3,102168,2],[67721.4,4529,1],[67721.5,4294,1],[67721.6,101905,2],[67721.7,4473,1],[67721.8,3806,1],[67721.9,4255,1]]},{"timestamp":1770864597167,"version":32356555715,"bids":[[67720.2,8833,1],[67720.1,3658,1],[67720,4150,1],[67719.9,3558,1],[67719.8,4034,1],[67719.7,4453,1],[67719.6,3811,1],[67719.5,4285,1],[67719.4,3414,1],[67719.3,101917,2],[67719.2,4324,1],[67719.1,4557,1],[67719,4556,1],[67718.9,3874,1],[67718.8,3799,1],[67718.7,3575,1],[67718.6,4254,1],[67718.5,3699,1],[67718.4,3520,1],[67718.3,4561,1]],"asks":[[67720.3,18610,8],[67720.4,7544,2],[67720.5,4150,1],[67720.6,3558,1],[67720.7,4034,1],[67720.8,4453,1],[67720.9,3811,1],[67721,5293,2],[67721.1,101668,2],[67721.2,3663,1],[67721.3,4324,1],[67721.4,4557,1],[67721.5,4556,1],[67721.6,3874,1],[67721.7,3799,1],[67721.8,3575,1],[67721.9,5262,2],[67722,3699,1],[67722.1,3520,1],[67722.2,4561,1]]},{"timestamp":1770864599798,"version":32356556140,"bids":[[67720.2,10314,1],[67720.1,5276,2],[67720,4251,1],[67719.9,3722,1],[67719.8,4028,1],[67719.7,4451,1],[67719.6,4557,1],[67719.5,3907,1],[67719.4,4641,2],[67719.3,102382,2],[67719.2,4382,1],[67719.1,3526,1],[67719,4093,1],[67718.9,4303,1],[67718.8,4578,1],[67718.7,4400,1],[67718.6,3487,1],[67718.5,5056,2],[67718.4,4105,1],[67718.3,4226,1]],"asks":[[67720.3,8478,1],[67720.4,4268,1],[67720.5,4251,1],[67720.6,3722,1],[67720.7,4028,1],[67720.8,4451,1],[67720.9,4564,2],[67721,4915,2],[67721.1,101887,2],[67721.2,4128,1],[67721.3,4382,1],[67721.4,3526,1],[67721.5,4093,1],[67721.6,4303,1],[67721.7,4578,1],[67721.8,4400,1],[67721.9,4495,2],[67722,4048,1],[67722.1,4105,1],[67722.2,4226,1]]},{"timestamp":1770864601862,"version":32356557130,"bids":[[67720.2,10199,1],[67720.1,4539,1],[67720,3474,1],[67719.9,3935,1],[67719.8,4374,1],[67719.7,4561,1],[67719.6,3966,1],[67719.5,3623,1],[67719.4,3960,1],[67719.3,102966,3],[67719.2,3425,1],[67719.1,4094,1],[67719,4323,1],[67718.9,4000,1],[67718.8,3919,1],[67718.7,3662,1],[67718.6,4932,2],[67718.5,3409,1],[67718.4,3996,1],[67718.3,3840,1]],"asks":[[67720.3,10234,2],[67720.4,4539,1],[67720.5,4482,2],[67720.6,3935,1],[67720.7,4374,1],[67720.8,4561,1],[67720.9,3973,2],[67721,3623,1],[67721.1,102214,2],[67721.2,4712,2],[67721.3,3425,1],[67721.4,4094,1],[67721.5,4323,1],[67721.6,4000,1],[67721.7,3919,1],[67721.8,3662,1],[67721.9,4932,2],[67722,3409,1],[67722.1,3996,1],[67722.2,3840,1]]},{"timestamp":1770864604364,"version":32356559020,"bids":[[67715.6,2770,2],[67715.5,11622,3],[67715.4,11908,3],[67715.3,7704,2],[67715.1,1008,1],[67715,3769,1],[67714.9,4031,1],[67714.8,4492,1],[67714.7,102143,2],[67714.6,4169,1],[67714.5,3440,1],[67714.4,3476,1],[67714.3,3766,1],[67714.2,3608,1],[67714.1,12127,3],[67714,4669,2],[67713.9,3681,1],[67713.8,4212,1],[67713.7,4488,1],[67713.6,3538,1]],"asks":[[67715.7,13319,2],[67715.8,8014,2],[67715.9,8094,2],[67716,3849,1],[67716.4,3766,1],[67716.5,101868,2],[67716.6,4423,1],[67716.7,3661,1],[67716.8,3681,1],[67716.9,4212,1],[67717,4488,1],[67717.1,3538,1],[67717.2,4568,1],[67717.3,3436,1],[67717.4,3968,1],[67717.5,4151,1],[67717.6,3710,1],[67717.7,3818,1],[67717.8,4260,1],[67717.9,4320,1]]},{"timestamp":1770864606405,"version":32356559995,"bids":[[67713.5,13821,2],[67713.4,7957,2],[67713.3,9024,2],[67713.2,3931,1],[67713.1,3641,1],[67713,3639,1],[67712.6,102707,2],[67712.5,4118,1],[67712.4,4465,1],[67712.3,4119,1],[67712.2,24573,2],[67712.1,3988,1],[67712,4002,1],[67711.9,3982,1],[67711.8,3907,1],[67711.7,4329,1],[67711.6,4122,1],[67711.5,3857,1],[67711.4,4063,1],[67711.3,12706,3]],"asks":[[67714.4,9268,1],[67714.5,3751,1],[67714.6,3711,1],[67714.7,4165,1],[67714.8,3695,1],[67714.9,3925,1],[67715,4581,1],[67715.2,98262,1],[67715.4,3557,1],[67715.5,3804,1],[67715.6,3712,1],[67715.7,8748,4],[67716,3920,1],[67716.1,4360,1],[67716.2,4504,1],[67716.3,4013,1],[67716.4,3452,1],[67716.5,4354,1],[67716.6,4716,2],[67716.7,8650,2]]}]}},"trades":[{"p":67624.1,"v":12,"T":2,"O":3,"M":1,"t":1770864482105,"i":"13352530913"},{"p":67624.2,"v":1,"T":1,"O":3,"M":2,"t":1770864482085,"i":"13352530908"},{"p":67624.1,"v":367,"T":2,"O":3,"M":2,"t":1770864481708,"i":"13352530862"},{"p":67624.2,"v":11,"T":1,"O":3,"M":1,"t":1770864481606,"i":"13352530848"},{"p":67624.1,"v":93,"T":2,"O":1,"M":2,"t":1770864481149,"i":"13352530801"},{"p":67624.2,"v":613,"T":1,"O":1,"M":2,"t":1770864480697,"i":"13352530762"},{"p":67617.8,"v":12,"T":1,"O":3,"M":1,"t":1770864480102,"i":"13352530707"},{"p":67617.7,"v":72,"T":2,"O":3,"M":2,"t":1770864479203,"i":"13352530607"},{"p":67617.7,"v":11,"T":2,"O":3,"M":1,"t":1770864479102,"i":"13352530596"},{"p":67617.8,"v":17,"T":1,"O":3,"M":1,"t":1770864478103,"i":"13352530484"},{"p":67617.7,"v":1,"T":2,"O":3,"M":2,"t":1770864477551,"i":"13352530425"},{"p":67617.7,"v":10,"T":2,"O":3,"M":1,"t":1770864477102,"i":"13352530376"},{"p":67617.8,"v":101,"T":1,"O":3,"M":2,"t":1770864476714,"i":"13352530313"},{"p":67617.8,"v":1,"T":1,"O":3,"M":2,"t":1770864476343,"i":"13352530254"},{"p":67617.7,"v":97,"T":2,"O":1,"M":2,"t":1770864476323,"i":"13352530253"},{"p":67624.1,"v":6,"T":2,"O":3,"M":1,"t":1770864476106,"i":"13352530221"},{"p":67624.2,"v":1575,"T":1,"O":2,"M":2,"t":1770864475722,"i":"13352530198"},{"p":67624.2,"v":173,"T":1,"O":3,"M":2,"t":1770864475722,"i":"13352530197"},{"p":67624.1,"v":138,"T":2,"O":1,"M":2,"t":1770864475433,"i":"13352530170"},{"p":67624.1,"v":162,"T":2,"O":1,"M":2,"t":1770864475430,"i":"13352530169"},{"p":67624.1,"v":139,"T":2,"O":1,"M":2,"t":1770864475430,"i":"13352530168"},{"p":67624.1,"v":139,"T":2,"O":1,"M":2,"t":1770864475428,"i":"13352530167"},{"p":67624.1,"v":221,"T":2,"O":1,"M":2,"t":1770864475173,"i":"13352530135"},{"p":67624.1,"v":3,"T":2,"O":3,"M":1,"t":1770864475105,"i":"13352530127"},{"p":67624.1,"v":2,"T":2,"O":3,"M":1,"t":1770864475105,"i":"13352530126"},{"p":67624.1,"v":3,"T":2,"O":3,"M":1,"t":1770864475105,"i":"13352530125"},{"p":67624.2,"v":112,"T":1,"O":3,"M":2,"t":1770864474481,"i":"13352530060"},{"p":67624.2,"v":11,"T":1,"O":3,"M":1,"t":1770864474104,"i":"13352530013"},{"p":67624.1,"v":257,"T":2,"O":1,"M":2,"t":1770864473363,"i":"13352529917"},{"p":67624.1,"v":8,"T":2,"O":3,"M":1,"t":1770864473102,"i":"13352529890"},{"p":67624.2,"v":5,"T":1,"O":3,"M":1,"t":1770864472109,"i":"13352529772"},{"p":67624.2,"v":7,"T":1,"O":3,"M":1,"t":1770864472109,"i":"13352529771"},{"p":67624.2,"v":6,"T":1,"O":3,"M":1,"t":1770864472109,"i":"13352529770"},{"p":67624.1,"v":525,"T":2,"O":1,"M":2,"t":1770864471464,"i":"13352529722"},{"p":67624.1,"v":732,"T":2,"O":1,"M":2,"t":1770864471463,"i":"13352529721"},{"p":67624.2,"v":50,"T":1,"O":2,"M":2,"t":1770864471188,"i":"13352529697"},{"p":67624.2,"v":4,"T":1,"O":3,"M":1,"t":1770864471103,"i":"13352529682"},{"p":67624.2,"v":1,"T":1,"O":3,"M":1,"t":1770864471102,"i":"13352529681"},{"p":67624.1,"v":2573,"T":2,"O":1,"M":2,"t":1770864470234,"i":"13352529608"},{"p":67624.1,"v":822,"T":2,"O":1,"M":2,"t":1770864470234,"i":"13352529607"},{"p":67624.1,"v":822,"T":2,"O":1,"M":2,"t":1770864470234,"i":"13352529606"},{"p":67624.2,"v":8,"T":1,"O":3,"M":1,"t":1770864470115,"i":"13352529595"},{"p":67624,"v":1251,"T":2,"O":1,"M":2,"t":1770864470100,"i":"13352529591"},{"p":67624.1,"v":3660,"T":2,"O":1,"M":2,"t":1770864470100,"i":"13352529590"},{"p":67624.1,"v":822,"T":2,"O":1,"M":2,"t":1770864470100,"i":"13352529589"},{"p":67624.1,"v":822,"T":2,"O":1,"M":2,"t":1770864470100,"i":"13352529588"},{"p":67624.1,"v":822,"T":2,"O":1,"M":2,"t":1770864470100,"i":"13352529587"},{"p":67624.1,"v":623,"T":2,"O":1,"M":2,"t":1770864470100,"i":"13352529586"},{"p":67624.1,"v":199,"T":2,"O":1,"M":2,"t":1770864469925,"i":"13352529568"},{"p":67617.5,"v":525,"T":2,"O":1,"M":2,"t":1770864469373,"i":"13352529518"},{"p":67617.6,"v":259,"T":1,"O":3,"M":2,"t":1770864469370,"i":"13352529516"},{"p":67617.6,"v":8,"T":1,"O":3,"M":1,"t":1770864469102,"i":"13352529480"},{"p":67617.6,"v":6,"T":1,"O":3,"M":1,"t":1770864469102,"i":"13352529479"},{"p":67617.5,"v":1,"T":2,"O":3,"M":2,"t":1770864468601,"i":"13352529426"},{"p":67617.4,"v":1203,"T":2,"O":3,"M":2,"t":1770864468563,"i":"13352529420"},{"p":67617.4,"v":822,"T":2,"O":3,"M":2,"t":1770864468563,"i":"13352529419"},{"p":67617.4,"v":1008,"T":2,"O":3,"M":2,"t":1770864468563,"i":"13352529418"},{"p":67617.6,"v":1988,"T":1,"O":3,"M":2,"t":1770864468523,"i":"13352529417"},{"p":67617.5,"v":4089,"T":1,"O":3,"M":2,"t":1770864468523,"i":"13352529416"},{"p":67617.5,"v":4,"T":1,"O":3,"M":1,"t":1770864468104,"i":"13352529372"},{"p":67617.5,"v":3,"T":1,"O":3,"M":1,"t":1770864468103,"i":"13352529370"},{"p":67617.5,"v":4,"T":1,"O":3,"M":1,"t":1770864468102,"i":"13352529369"},{"p":67616.6,"v":939,"T":2,"O":1,"M":2,"t":1770864467673,"i":"13352529325"},{"p":67617.4,"v":5,"T":2,"O":1,"M":2,"t":1770864467673,"i":"13352529324"},{"p":67617.4,"v":822,"T":2,"O":1,"M":2,"t":1770864467673,"i":"13352529323"},{"p":67617.4,"v":822,"T":2,"O":1,"M":2,"t":1770864467673,"i":"13352529322"},{"p":67617.4,"v":822,"T":2,"O":1,"M":2,"t":1770864467673,"i":"13352529321"},{"p":67617.4,"v":822,"T":2,"O":1,"M":2,"t":1770864467673,"i":"13352529320"},{"p":67617.4,"v":768,"T":2,"O":1,"M":2,"t":1770864467672,"i":"13352529319"},{"p":67617.5,"v":108,"T":1,"O":3,"M":2,"t":1770864467375,"i":"13352529281"},{"p":67618.8,"v":1504,"T":1,"O":3,"M":2,"t":1770864467070,"i":"13352529232"},{"p":67618.7,"v":3456,"T":1,"O":3,"M":2,"t":1770864467070,"i":"13352529231"},{"p":67618.5,"v":1008,"T":1,"O":3,"M":2,"t":1770864467070,"i":"13352529230"},{"p":67618.3,"v":3826,"T":1,"O":3,"M":2,"t":1770864467070,"i":"13352529229"},{"p":67617.5,"v":822,"T":1,"O":3,"M":2,"t":1770864467070,"i":"13352529228"},{"p":67617.5,"v":822,"T":1,"O":3,"M":2,"t":1770864467070,"i":"13352529227"},{"p":67617.5,"v":3317,"T":1,"O":3,"M":2,"t":1770864467070,"i":"13352529226"},{"p":67617.4,"v":226,"T":2,"O":3,"M":2,"t":1770864466973,"i":"13352529220"},{"p":67617.4,"v":14,"T":2,"O":1,"M":2,"t":1770864466972,"i":"13352529219"},{"p":67616.5,"v":371,"T":2,"O":3,"M":2,"t":1770864466745,"i":"13352529212"},{"p":67617.4,"v":1008,"T":2,"O":3,"M":2,"t":1770864466744,"i":"13352529211"},{"p":67616.5,"v":1020,"T":2,"O":3,"M":2,"t":1770864466705,"i":"13352529205"},{"p":67617.4,"v":1008,"T":2,"O":3,"M":2,"t":1770864466705,"i":"13352529204"},{"p":67618,"v":2,"T":2,"O":3,"M":1,"t":1770864466602,"i":"13352529193"},{"p":67618.7,"v":12,"T":1,"O":3,"M":1,"t":1770864466107,"i":"13352529135"},{"p":67618.6,"v":22,"T":2,"O":3,"M":2,"t":1770864465968,"i":"13352529114"},{"p":67617.3,"v":86,"T":2,"O":3,"M":2,"t":1770864465914,"i":"13352529111"},{"p":67618,"v":1008,"T":2,"O":3,"M":2,"t":1770864465914,"i":"13352529110"},{"p":67618.7,"v":996,"T":2,"O":3,"M":2,"t":1770864465914,"i":"13352529109"},{"p":67618.7,"v":12,"T":2,"O":3,"M":2,"t":1770864465705,"i":"13352529082"},{"p":67618.7,"v":11,"T":2,"O":3,"M":1,"t":1770864465603,"i":"13352529069"},{"p":67620.1,"v":98,"T":1,"O":3,"M":2,"t":1770864465298,"i":"13352529039"},{"p":67617.3,"v":783,"T":2,"O":3,"M":2,"t":1770864465286,"i":"13352529038"},{"p":67618,"v":72,"T":2,"O":3,"M":2,"t":1770864465286,"i":"13352529037"},{"p":67618,"v":606,"T":2,"O":3,"M":2,"t":1770864465284,"i":"13352529036"},{"p":67618,"v":12,"T":2,"O":3,"M":2,"t":1770864465284,"i":"13352529035"},{"p":67618,"v":318,"T":2,"O":3,"M":2,"t":1770864465284,"i":"13352529034"},{"p":67618.7,"v":932,"T":2,"O":3,"M":2,"t":1770864465284,"i":"13352529033"},{"p":67618.7,"v":76,"T":2,"O":3,"M":2,"t":1770864465258,"i":"13352529025"},{"p":67620,"v":29,"T":2,"O":3,"M":2,"t":1770864465258,"i":"13352529024"}],"klines":{"1m":[{"ts":"2026-02-11T22:49:00Z","o":67656.1,"h":67685.1,"l":67620.8,"c":67620.9,"v":197001.0},{"ts":"2026-02-11T22:50:00Z","o":67620.9,"h":67620.9,"l":67492.2,"c":67520.1,"v":428579.0},{"ts":"2026-02-11T22:51:00Z","o":67520.1,"h":67520.1,"l":67461.8,"c":67493.2,"v":285515.0},{"ts":"2026-02-11T22:52:00Z","o":67493.2,"h":67525.4,"l":67492.7,"c":67502.2,"v":372411.0},{"ts":"2026-02-11T22:53:00Z","o":67502.2,"h":67502.4,"l":67391.1,"c":67421.7,"v":447278.0},{"ts":"2026-02-11T22:54:00Z","o":67421.7,"h":67422.7,"l":67400.7,"c":67412.5,"v":224154.0},{"ts":"2026-02-11T22:55:00Z","o":67412.5,"h":67444.2,"l":67408.5,"c":67426.5,"v":233825.0},{"ts":"2026-02-11T22:56:00Z","o":67426.5,"h":67473.0,"l":67426.5,"c":67459.4,"v":326893.0},{"ts":"2026-02-11T22:57:00Z","o":67459.4,"h":67462.7,"l":67413.7,"c":67414.1,"v":149872.0},{"ts":"2026-02-11T22:58:00Z","o":67414.1,"h":67449.9,"l":67414.0,"c":67449.9,"v":95130.0},{"ts":"2026-02-11T22:59:00Z","o":67449.9,"h":67450.0,"l":67372.2,"c":67386.9,"v":241384.0},{"ts":"2026-02-11T23:00:00Z","o":67386.9,"h":67409.7,"l":67267.9,"c":67267.9,"v":964661.0},{"ts":"2026-02-11T23:01:00Z","o":67267.9,"h":67289.0,"l":67203.6,"c":67277.7,"v":778988.0},{"ts":"2026-02-11T23:02:00Z","o":67277.7,"h":67393.0,"l":67277.7,"c":67369.6,"v":2021150.0},{"ts":"2026-02-11T23:03:00Z","o":67369.6,"h":67385.5,"l":67348.4,"c":67359.2,"v":255468.0},{"ts":"2026-02-11T23:04:00Z","o":67359.2,"h":67382.2,"l":67337.4,"c":67374.5,"v":352457.0},{"ts":"2026-02-11T23:05:00Z","o":67374.5,"h":67463.2,"l":67370.4,"c":67451.2,"v":300238.0},{"ts":"2026-02-11T23:06:00Z","o":67451.2,"h":67528.7,"l":67432.7,"c":67522.4,"v":321891.0},{"ts":"2026-02-11T23:07:00Z","o":67522.4,"h":67522.4,"l":67372.7,"c":67378.8,"v":296483.0},{"ts":"2026-02-11T23:08:00Z","o":67378.8,"h":67382.0,"l":67324.0,"c":67324.8,"v":296752.0},{"ts":"2026-02-11T23:09:00Z","o":67324.8,"h":67361.8,"l":67324.0,"c":67340.5,"v":133208.0},{"ts":"2026-02-11T23:10:00Z","o":67340.5,"h":67380.0,"l":67261.2,"c":67280.1,"v":291418.0},{"ts":"2026-02-11T23:11:00Z","o":67280.1,"h":67281.2,"l":67235.0,"c":67279.3,"v":995665.0},{"ts":"2026-02-11T23:12:00Z","o":67279.3,"h":67279.3,"l":67206.9,"c":67211.0,"v":855206.0},{"ts":"2026-02-11T23:13:00Z","o":67211.0,"h":67271.8,"l":67208.0,"c":67271.8,"v":312304.0},{"ts":"2026-02-11T23:14:00Z","o":67271.8,"h":67320.1,"l":67261.6,"c":67300.1,"v":389536.0},{"ts":"2026-02-11T23:15:00Z","o":67300.1,"h":67300.1,"l":67274.6,"c":67294.3,"v":342166.0},{"ts":"2026-02-11T23:16:00Z","o":67294.3,"h":67341.4,"l":67294.3,"c":67323.1,"v":460071.0},{"ts":"2026-02-11T23:17:00Z","o":67323.1,"h":67369.0,"l":67282.1,"c":67304.9,"v":269290.0},{"ts":"2026-02-11T23:18:00Z","o":67304.9,"h":67360.7,"l":67286.3,"c":67286.3,"v":175509.0},{"ts":"2026-02-11T23:19:00Z","o":67286.3,"h":67300.1,"l":67237.6,"c":67237.6,"v":236171.0},{"ts":"2026-02-11T23:20:00Z","o":67237.6,"h":67274.1,"l":66934.2,"c":66989.2,"v":2883982.0},{"ts":"2026-02-11T23:21:00Z","o":66989.2,"h":67022.3,"l":66906.8,"c":66917.7,"v":1431233.0},{"ts":"2026-02-11T23:22:00Z","o":66917.7,"h":66952.4,"l":66859.8,"c":66903.0,"v":987825.0},{"ts":"2026-02-11T23:23:00Z","o":66903.0,"h":66956.7,"l":66900.5,"c":66956.7,"v":315431.0},{"ts":"2026-02-11T23:24:00Z","o":66956.7,"h":66999.0,"l":66912.0,"c":66912.0,"v":742591.0},{"ts":"2026-02-11T23:25:00Z","o":66912.0,"h":66956.2,"l":66872.3,"c":66955.5,"v":407261.0},{"ts":"2026-02-11T23:26:00Z","o":66955.5,"h":67030.5,"l":66948.9,"c":67028.2,"v":576950.0},{"ts":"2026-02-11T23:27:00Z","o":67028.2,"h":67031.4,"l":66974.1,"c":66995.1,"v":354619.0},{"ts":"2026-02-11T23:28:00Z","o":66995.1,"h":67004.7,"l":66970.5,"c":66997.1,"v":136706.0},{"ts":"2026-02-11T23:29:00Z","o":66997.1,"h":67060.3,"l":66978.5,"c":66983.0,"v":534634.0},{"ts":"2026-02-11T23:30:00Z","o":66983.0,"h":67049.6,"l":66983.0,"c":67002.7,"v":412057.0},{"ts":"2026-02-11T23:31:00Z","o":67002.7,"h":67060.0,"l":66980.0,"c":66982.9,"v":217131.0},{"ts":"2026-02-11T23:32:00Z","o":66982.9,"h":66988.4,"l":66950.0,"c":66981.6,"v":450806.0},{"ts":"2026-02-11T23:33:00Z","o":66981.6,"h":66981.6,"l":66900.0,"c":66930.6,"v":421572.0},{"ts":"2026-02-11T23:34:00Z","o":66930.6,"h":66934.6,"l":66858.8,"c":66863.5,"v":394062.0},{"ts":"2026-02-11T23:35:00Z","o":66863.5,"h":66863.6,"l":66800.5,"c":66809.8,"v":793187.0},{"ts":"2026-02-11T23:36:00Z","o":66809.8,"h":66809.8,"l":66757.4,"c":66800.1,"v":1210852.0},{"ts":"2026-02-11T23:37:00Z","o":66800.1,"h":66874.6,"l":66765.2,"c":66860.6,"v":736363.0},{"ts":"2026-02-11T23:38:00Z","o":66860.6,"h":66964.2,"l":66856.8,"c":66950.1,"v":522391.0},{"ts":"2026-02-11T23:39:00Z","o":66950.1,"h":67043.6,"l":66937.4,"c":67040.9,"v":511915.0},{"ts":"2026-02-11T23:40:00Z","o":67040.9,"h":67087.9,"l":67040.8,"c":67053.8,"v":332069.0},{"ts":"2026-02-11T23:41:00Z","o":67053.8,"h":67104.0,"l":67034.4,"c":67036.1,"v":209994.0},{"ts":"2026-02-11T23:42:00Z","o":67036.1,"h":67054.6,"l":67027.5,"c":67037.2,"v":188880.0},{"ts":"2026-02-11T23:43:00Z","o":67037.2,"h":67061.6,"l":67015.1,"c":67015.2,"v":111033.0},{"ts":"2026-02-11T23:44:00Z","o":67015.2,"h":67050.0,"l":66949.9,"c":67050.0,"v":288632.0},{"ts":"2026-02-11T23:45:00Z","o":67050.0,"h":67061.3,"l":67006.8,"c":67014.4,"v":164623.0},{"ts":"2026-02-11T23:46:00Z","o":67014.4,"h":67018.8,"l":66973.1,"c":67005.1,"v":262652.0},{"ts":"2026-02-11T23:47:00Z","o":67005.1,"h":67015.2,"l":66978.0,"c":67008.9,"v":134395.0},{"ts":"2026-02-11T23:48:00Z","o":67008.9,"h":67014.4,"l":66964.0,"c":66967.9,"v":315178.0},{"ts":"2026-02-11T23:49:00Z","o":66967.9,"h":66968.0,"l":66873.9,"c":66888.5,"v":382333.0},{"ts":"2026-02-11T23:50:00Z","o":66888.5,"h":66899.4,"l":66849.8,"c":66866.6,"v":456606.0},{"ts":"2026-02-11T23:51:00Z","o":66866.6,"h":66950.0,"l":66866.1,"c":66950.0,"v":388474.0},{"ts":"2026-02-11T23:52:00Z","o":66950.0,"h":66999.0,"l":66948.4,"c":66966.6,"v":357048.0},{"ts":"2026-02-11T23:53:00Z","o":66966.6,"h":66969.6,"l":66936.4,"c":66943.5,"v":149574.0},{"ts":"2026-02-11T23:54:00Z","o":66943.5,"h":67000.0,"l":66943.4,"c":66997.5,"v":122216.0},{"ts":"2026-02-11T23:55:00Z","o":66997.5,"h":66997.5,"l":66951.4,"c":66975.4,"v":135480.0},{"ts":"2026-02-11T23:56:00Z","o":66975.4,"h":67000.0,"l":66974.2,"c":66987.3,"v":91412.0},{"ts":"2026-02-11T23:57:00Z","o":66987.3,"h":67020.5,"l":66986.8,"c":67010.1,"v":91679.0},{"ts":"2026-02-11T23:58:00Z","o":67010.1,"h":67030.8,"l":67000.0,"c":67004.0,"v":205698.0},{"ts":"2026-02-11T23:59:00Z","o":67004.0,"h":67076.6,"l":66988.3,"c":67048.6,"v":212953.0},{"ts":"2026-02-12T00:00:00Z","o":67048.6,"h":67069.3,"l":67023.6,"c":67040.0,"v":261426.0},{"ts":"2026-02-12T00:01:00Z","o":67040.0,"h":67137.1,"l":67018.3,"c":67137.0,"v":548268.0},{"ts":"2026-02-12T00:02:00Z","o":67137.0,"h":67186.3,"l":67125.3,"c":67132.8,"v":270421.0},{"ts":"2026-02-12T00:03:00Z","o":67132.8,"h":67173.7,"l":67078.7,"c":67079.6,"v":272335.0},{"ts":"2026-02-12T00:04:00Z","o":67079.6,"h":67079.7,"l":67035.4,"c":67075.1,"v":183021.0},{"ts":"2026-02-12T00:05:00Z","o":67075.1,"h":67190.0,"l":67065.7,"c":67177.9,"v":335094.0},{"ts":"2026-02-12T00:06:00Z","o":67177.9,"h":67189.4,"l":67156.2,"c":67158.3,"v":168240.0},{"ts":"2026-02-12T00:07:00Z","o":67158.3,"h":67201.0,"l":67133.9,"c":67201.0,"v":169507.0},{"ts":"2026-02-12T00:08:00Z","o":67201.0,"h":67323.2,"l":67179.9,"c":67300.0,"v":893546.0},{"ts":"2026-02-12T00:09:00Z","o":67300.0,"h":67315.1,"l":67286.9,"c":67314.0,"v":568198.0},{"ts":"2026-02-12T00:10:00Z","o":67314.0,"h":67346.2,"l":67284.8,"c":67345.6,"v":617570.0},{"ts":"2026-02-12T00:11:00Z","o":67345.6,"h":67345.6,"l":67312.5,"c":67320.7,"v":250374.0},{"ts":"2026-02-12T00:12:00Z","o":67320.7,"h":67335.3,"l":67301.7,"c":67301.9,"v":486860.0},{"ts":"2026-02-12T00:13:00Z","o":67301.9,"h":67310.5,"l":67300.4,"c":67308.4,"v":147725.0},{"ts":"2026-02-12T00:14:00Z","o":67308.4,"h":67343.7,"l":67308.3,"c":67329.0,"v":314345.0},{"ts":"2026-02-12T00:15:00Z","o":67329.0,"h":67329.0,"l":67301.4,"c":67313.4,"v":63443.0},{"ts":"2026-02-12T00:16:00Z","o":67313.4,"h":67396.7,"l":67313.3,"c":67349.0,"v":860997.0},{"ts":"2026-02-12T00:17:00Z","o":67349.0,"h":67370.2,"l":67302.8,"c":67331.1,"v":162868.0},{"ts":"2026-02-12T00:18:00Z","o":67331.1,"h":67381.6,"l":67302.3,"c":67364.2,"v":181460.0},{"ts":"2026-02-12T00:19:00Z","o":67364.2,"h":67387.5,"l":67326.7,"c":67341.1,"v":157331.0},{"ts":"2026-02-12T00:20:00Z","o":67341.1,"h":67348.9,"l":67330.1,"c":67340.1,"v":96843.0},{"ts":"2026-02-12T00:21:00Z","o":67340.1,"h":67344.1,"l":67302.9,"c":67309.0,"v":246121.0},{"ts":"2026-02-12T00:22:00Z","o":67309.0,"h":67335.2,"l":67278.1,"c":67284.8,"v":298791.0},{"ts":"2026-02-12T00:23:00Z","o":67284.8,"h":67300.0,"l":67284.8,"c":67297.6,"v":374896.0},{"ts":"2026-02-12T00:24:00Z","o":67297.6,"h":67365.8,"l":67297.6,"c":67365.8,"v":136485.0},{"ts":"2026-02-12T00:25:00Z","o":67365.8,"h":67385.9,"l":67341.1,"c":67385.9,"v":209089.0},{"ts":"2026-02-12T00:26:00Z","o":67385.9,"h":67481.5,"l":67385.8,"c":67443.4,"v":885669.0},{"ts":"2026-02-12T00:27:00Z","o":67443.4,"h":67443.4,"l":67308.1,"c":67351.9,"v":332002.0},{"ts":"2026-02-12T00:28:00Z","o":67351.9,"h":67377.4,"l":67350.6,"c":67362.1,"v":118484.0},{"ts":"2026-02-12T00:29:00Z","o":67362.1,"h":67393.0,"l":67335.5,"c":67350.0,"v":80879.0},{"ts":"2026-02-12T00:30:00Z","o":67350.0,"h":67398.2,"l":67350.0,"c":67374.8,"v":97361.0},{"ts":"2026-02-12T00:31:00Z","o":67374.8,"h":67433.0,"l":67367.5,"c":67386.2,"v":111539.0},{"ts":"2026-02-12T00:32:00Z","o":67386.2,"h":67431.4,"l":67374.8,"c":67401.8,"v":167947.0},{"ts":"2026-02-12T00:33:00Z","o":67401.8,"h":67470.0,"l":67401.7,"c":67433.8,"v":377516.0},{"ts":"2026-02-12T00:34:00Z","o":67433.8,"h":67444.7,"l":67408.3,"c":67426.1,"v":153309.0},{"ts":"2026-02-12T00:35:00Z","o":67426.1,"h":67615.3,"l":67401.9,"c":67560.0,"v":1442335.0},{"ts":"2026-02-12T00:36:00Z","o":67560.0,"h":67607.6,"l":67525.8,"c":67535.0,"v":567546.0},{"ts":"2026-02-12T00:37:00Z","o":67535.0,"h":67679.2,"l":67525.7,"c":67639.6,"v":790586.0},{"ts":"2026-02-12T00:38:00Z","o":67639.6,"h":67660.2,"l":67541.8,"c":67550.1,"v":681338.0},{"ts":"2026-02-12T00:39:00Z","o":67550.1,"h":67550.1,"l":67462.7,"c":67470.3,"v":168428.0},{"ts":"2026-02-12T00:40:00Z","o":67470.3,"h":67506.1,"l":67470.2,"c":67506.1,"v":204509.0},{"ts":"2026-02-12T00:41:00Z","o":67506.1,"h":67512.7,"l":67488.8,"c":67507.6,"v":147714.0},{"ts":"2026-02-12T00:42:00Z","o":67507.6,"h":67546.5,"l":67497.8,"c":67506.9,"v":293549.0},{"ts":"2026-02-12T00:43:00Z","o":67506.9,"h":67553.7,"l":67506.7,"c":67543.9,"v":135737.0},{"ts":"2026-02-12T00:44:00Z","o":67543.9,"h":67558.8,"l":67542.2,"c":67551.5,"v":44866.0},{"ts":"2026-02-12T00:45:00Z","o":67551.5,"h":67626.2,"l":67536.6,"c":67626.2,"v":330755.0},{"ts":"2026-02-12T00:46:00Z","o":67626.2,"h":67650.0,"l":67563.3,"c":67583.5,"v":394703.0},{"ts":"2026-02-12T00:47:00Z","o":67583.5,"h":67583.6,"l":67537.2,"c":67539.8,"v":155791.0},{"ts":"2026-02-12T00:48:00Z","o":67539.8,"h":67539.8,"l":67460.0,"c":67485.9,"v":423015.0},{"ts":"2026-02-12T00:49:00Z","o":67485.9,"h":67517.5,"l":67482.2,"c":67494.7,"v":146433.0},{"ts":"2026-02-12T00:50:00Z","o":67494.7,"h":67507.1,"l":67465.6,"c":67478.7,"v":105685.0},{"ts":"2026-02-12T00:51:00Z","o":67478.7,"h":67511.6,"l":67472.5,"c":67497.1,"v":91734.0},{"ts":"2026-02-12T00:52:00Z","o":67497.1,"h":67507.1,"l":67485.5,"c":67485.5,"v":48753.0},{"ts":"2026-02-12T00:53:00Z","o":67485.5,"h":67516.7,"l":67485.5,"c":67500.5,"v":93861.0},{"ts":"2026-02-12T00:54:00Z","o":67500.5,"h":67512.2,"l":67463.1,"c":67499.9,"v":72872.0},{"ts":"2026-02-12T00:55:00Z","o":67499.9,"h":67520.1,"l":67499.9,"c":67515.8,"v":95993.0},{"ts":"2026-02-12T00:56:00Z","o":67515.8,"h":67522.2,"l":67499.9,"c":67522.1,"v":180351.0},{"ts":"2026-02-12T00:57:00Z","o":67522.1,"h":67571.6,"l":67476.9,"c":67477.1,"v":303669.0},{"ts":"2026-02-12T00:58:00Z","o":67477.1,"h":67534.4,"l":67465.0,"c":67465.0,"v":177270.0},{"ts":"2026-02-12T00:59:00Z","o":67465.0,"h":67473.8,"l":67431.2,"c":67431.2,"v":165964.0},{"ts":"2026-02-12T01:00:00Z","o":67431.2,"h":67511.6,"l":67431.2,"c":67475.1,"v":259301.0},{"ts":"2026-02-12T01:01:00Z","o":67475.1,"h":67509.9,"l":67451.8,"c":67499.9,"v":115894.0},{"ts":"2026-02-12T01:02:00Z","o":67499.9,"h":67579.0,"l":67485.7,"c":67567.7,"v":129519.0},{"ts":"2026-02-12T01:03:00Z","o":67567.7,"h":67585.5,"l":67527.8,"c":67527.9,"v":189886.0},{"ts":"2026-02-12T01:04:00Z","o":67527.9,"h":67527.9,"l":67481.4,"c":67513.4,"v":152259.0},{"ts":"2026-02-12T01:05:00Z","o":67513.4,"h":67528.8,"l":67477.0,"c":67500.0,"v":86107.0},{"ts":"2026-02-12T01:06:00Z","o":67500.0,"h":67517.4,"l":67430.5,"c":67517.3,"v":212404.0},{"ts":"2026-02-12T01:07:00Z","o":67517.3,"h":67571.0,"l":67467.9,"c":67475.4,"v":196061.0},{"ts":"2026-02-12T01:08:00Z","o":67475.4,"h":67532.0,"l":67475.3,"c":67483.8,"v":68883.0},{"ts":"2026-02-12T01:09:00Z","o":67483.8,"h":67505.1,"l":67448.3,"c":67500.0,"v":174742.0},{"ts":"2026-02-12T01:10:00Z","o":67500.0,"h":67565.8,"l":67493.9,"c":67547.3,"v":109292.0},{"ts":"2026-02-12T01:11:00Z","o":67547.3,"h":67580.0,"l":67547.3,"c":67580.0,"v":92364.0},{"ts":"2026-02-12T01:12:00Z","o":67580.0,"h":67625.7,"l":67579.2,"c":67623.8,"v":386399.0},{"ts":"2026-02-12T01:13:00Z","o":67623.8,"h":67665.7,"l":67623.7,"c":67637.6,"v":360274.0},{"ts":"2026-02-12T01:14:00Z","o":67637.6,"h":67677.4,"l":67632.0,"c":67672.0,"v":135800.0},{"ts":"2026-02-12T01:15:00Z","o":67672.0,"h":67685.2,"l":67616.9,"c":67663.4,"v":383302.0},{"ts":"2026-02-12T01:16:00Z","o":67663.4,"h":67724.3,"l":67612.6,"c":67612.6,"v":742362.0},{"ts":"2026-02-12T01:17:00Z","o":67612.6,"h":67682.3,"l":67590.0,"c":67682.2,"v":281389.0},{"ts":"2026-02-12T01:18:00Z","o":67682.2,"h":67739.3,"l":67656.9,"c":67656.9,"v":458257.0},{"ts":"2026-02-12T01:19:00Z","o":67656.9,"h":67657.0,"l":67580.9,"c":67608.9,"v":208923.0},{"ts":"2026-02-12T01:20:00Z","o":67608.9,"h":67608.9,"l":67523.5,"c":67530.2,"v":414959.0},{"ts":"2026-02-12T01:21:00Z","o":67530.2,"h":67617.3,"l":67527.7,"c":67606.0,"v":113482.0},{"ts":"2026-02-12T01:22:00Z","o":67606.0,"h":67606.1,"l":67561.2,"c":67564.7,"v":81162.0},{"ts":"2026-02-12T01:23:00Z","o":67564.7,"h":67615.5,"l":67554.0,"c":67603.2,"v":174724.0},{"ts":"2026-02-12T01:24:00Z","o":67603.2,"h":67604.6,"l":67568.0,"c":67595.1,"v":167498.0},{"ts":"2026-02-12T01:25:00Z","o":67595.1,"h":67714.7,"l":67594.3,"c":67699.9,"v":509125.0},{"ts":"2026-02-12T01:26:00Z","o":67699.9,"h":67826.9,"l":67696.7,"c":67805.0,"v":821201.0},{"ts":"2026-02-12T01:27:00Z","o":67805.0,"h":67849.0,"l":67790.3,"c":67813.1,"v":940417.0},{"ts":"2026-02-12T01:28:00Z","o":67813.1,"h":67837.5,"l":67780.9,"c":67797.1,"v":462819.0},{"ts":"2026-02-12T01:29:00Z","o":67797.1,"h":67818.7,"l":67754.7,"c":67778.2,"v":289586.0},{"ts":"2026-02-12T01:30:00Z","o":67778.2,"h":67835.9,"l":67774.0,"c":67827.6,"v":425442.0},{"ts":"2026-02-12T01:31:00Z","o":67827.6,"h":67827.7,"l":67770.0,"c":67780.0,"v":238449.0},{"ts":"2026-02-12T01:32:00Z","o":67780.0,"h":67800.1,"l":67732.1,"c":67781.5,"v":237739.0},{"ts":"2026-02-12T01:33:00Z","o":67781.5,"h":67795.8,"l":67765.6,"c":67785.6,"v":132034.0},{"ts":"2026-02-12T01:34:00Z","o":67785.6,"h":67785.6,"l":67761.2,"c":67761.2,"v":35772.0},{"ts":"2026-02-12T01:35:00Z","o":67761.2,"h":67761.3,"l":67730.1,"c":67734.4,"v":181879.0},{"ts":"2026-02-12T01:36:00Z","o":67734.4,"h":67898.4,"l":67734.4,"c":67893.0,"v":926107.0},{"ts":"2026-02-12T01:37:00Z","o":67893.0,"h":68014.6,"l":67877.9,"c":68006.4,"v":1048784.0},{"ts":"2026-02-12T01:38:00Z","o":68006.4,"h":68018.3,"l":67940.1,"c":67957.8,"v":333093.0},{"ts":"2026-02-12T01:39:00Z","o":67957.8,"h":67957.9,"l":67880.0,"c":67880.0,"v":277661.0},{"ts":"2026-02-12T01:40:00Z","o":67880.0,"h":67913.3,"l":67860.0,"c":67910.0,"v":172380.0},{"ts":"2026-02-12T01:41:00Z","o":67910.0,"h":67913.2,"l":67870.0,"c":67870.0,"v":190139.0},{"ts":"2026-02-12T01:42:00Z","o":67870.0,"h":67940.6,"l":67870.0,"c":67933.1,"v":140979.0},{"ts":"2026-02-12T01:43:00Z","o":67933.1,"h":67933.2,"l":67860.8,"c":67875.9,"v":86670.0},{"ts":"2026-02-12T01:44:00Z","o":67875.9,"h":67887.4,"l":67800.5,"c":67820.9,"v":288986.0},{"ts":"2026-02-12T01:45:00Z","o":67820.9,"h":67845.2,"l":67788.0,"c":67811.6,"v":534574.0},{"ts":"2026-02-12T01:46:00Z","o":67811.6,"h":67811.6,"l":67772.3,"c":67781.4,"v":253250.0},{"ts":"2026-02-12T01:47:00Z","o":67781.4,"h":67800.1,"l":67730.0,"c":67730.0,"v":203565.0},{"ts":"2026-02-12T01:48:00Z","o":67730.0,"h":67741.0,"l":67632.0,"c":67668.7,"v":486520.0},{"ts":"2026-02-12T01:49:00Z","o":67668.7,"h":67691.5,"l":67640.0,"c":67640.1,"v":204832.0},{"ts":"2026-02-12T01:50:00Z","o":67640.1,"h":67698.7,"l":67622.5,"c":67659.7,"v":346202.0},{"ts":"2026-02-12T01:51:00Z","o":67659.7,"h":67671.2,"l":67605.2,"c":67631.9,"v":277118.0},{"ts":"2026-02-12T01:52:00Z","o":67631.9,"h":67647.0,"l":67577.1,"c":67608.1,"v":362378.0},{"ts":"2026-02-12T01:53:00Z","o":67608.1,"h":67640.0,"l":67590.3,"c":67608.2,"v":151667.0},{"ts":"2026-02-12T01:54:00Z","o":67608.2,"h":67627.9,"l":67583.6,"c":67612.1,"v":432794.0},{"ts":"2026-02-12T01:55:00Z","o":67612.1,"h":67631.0,"l":67587.0,"c":67624.9,"v":189826.0},{"ts":"2026-02-12T01:56:00Z","o":67624.9,"h":67671.2,"l":67624.8,"c":67650.0,"v":307221.0},{"ts":"2026-02-12T01:57:00Z","o":67650.0,"h":67691.6,"l":67646.0,"c":67649.8,"v":227023.0},{"ts":"2026-02-12T01:58:00Z","o":67649.8,"h":67668.0,"l":67621.0,"c":67655.9,"v":85589.0},{"ts":"2026-02-12T01:59:00Z","o":67655.9,"h":67683.4,"l":67652.1,"c":67668.3,"v":125905.0},{"ts":"2026-02-12T02:00:00Z","o":67668.3,"h":67671.7,"l":67606.9,"c":67607.8,"v":176829.0},{"ts":"2026-02-12T02:01:00Z","o":67607.8,"h":67626.6,"l":67590.0,"c":67614.5,"v":164800.0},{"ts":"2026-02-12T02:02:00Z","o":67614.5,"h":67614.5,"l":67580.0,"c":67610.0,"v":204921.0},{"ts":"2026-02-12T02:03:00Z","o":67610.0,"h":67614.6,"l":67534.4,"c":67557.3,"v":287086.0},{"ts":"2026-02-12T02:04:00Z","o":67557.3,"h":67567.5,"l":67526.1,"c":67560.0,"v":278536.0},{"ts":"2026-02-12T02:05:00Z","o":67560.0,"h":67600.0,"l":67532.8,"c":67533.1,"v":298767.0},{"ts":"2026-02-12T02:06:00Z","o":67533.1,"h":67583.0,"l":67527.8,"c":67571.3,"v":167275.0},{"ts":"2026-02-12T02:07:00Z","o":67571.3,"h":67717.3,"l":67571.3,"c":67715.8,"v":357767.0},{"ts":"2026-02-12T02:08:00Z","o":67715.8,"h":67769.8,"l":67659.4,"c":67669.5,"v":503537.0},{"ts":"2026-02-12T02:09:00Z","o":67669.5,"h":67717.4,"l":67667.0,"c":67688.4,"v":105189.0},{"ts":"2026-02-12T02:10:00Z","o":67688.4,"h":67701.3,"l":67641.2,"c":67652.9,"v":117363.0},{"ts":"2026-02-12T02:11:00Z","o":67652.9,"h":67660.0,"l":67563.9,"c":67569.1,"v":200507.0},{"ts":"2026-02-12T02:12:00Z","o":67569.1,"h":67596.3,"l":67569.1,"c":67596.2,"v":163347.0},{"ts":"2026-02-12T02:13:00Z","o":67596.2,"h":67600.0,"l":67513.8,"c":67519.9,"v":268611.0},{"ts":"2026-02-12T02:14:00Z","o":67519.9,"h":67521.3,"l":67462.8,"c":67466.3,"v":704302.0},{"ts":"2026-02-12T02:15:00Z","o":67466.3,"h":67488.9,"l":67422.1,"c":67426.0,"v":328196.0},{"ts":"2026-02-12T02:16:00Z","o":67426.0,"h":67489.4,"l":67410.0,"c":67472.9,"v":301956.0},{"ts":"2026-02-12T02:17:00Z","o":67472.9,"h":67490.9,"l":67450.0,"c":67477.1,"v":98288.0},{"ts":"2026-02-12T02:18:00Z","o":67477.1,"h":67477.1,"l":67418.0,"c":67454.2,"v":122198.0},{"ts":"2026-02-12T02:19:00Z","o":67454.2,"h":67458.5,"l":67380.1,"c":67450.0,"v":536405.0},{"ts":"2026-02-12T02:20:00Z","o":67450.0,"h":67520.0,"l":67426.2,"c":67520.0,"v":311201.0},{"ts":"2026-02-12T02:21:00Z","o":67520.0,"h":67533.0,"l":67497.6,"c":67510.6,"v":241813.0},{"ts":"2026-02-12T02:22:00Z","o":67510.6,"h":67539.2,"l":67505.3,"c":67505.9,"v":162878.0},{"ts":"2026-02-12T02:23:00Z","o":67505.9,"h":67538.1,"l":67505.2,"c":67508.1,"v":136537.0},{"ts":"2026-02-12T02:24:00Z","o":67508.1,"h":67545.3,"l":67497.4,"c":67524.8,"v":92576.0},{"ts":"2026-02-12T02:25:00Z","o":67524.8,"h":67525.0,"l":67483.1,"c":67502.1,"v":214267.0},{"ts":"2026-02-12T02:26:00Z","o":67502.1,"h":67517.4,"l":67455.6,"c":67456.0,"v":195948.0},{"ts":"2026-02-12T02:27:00Z","o":67456.0,"h":67456.8,"l":67432.4,"c":67434.5,"v":168916.0},{"ts":"2026-02-12T02:28:00Z","o":67434.5,"h":67434.6,"l":67388.8,"c":67401.1,"v":320035.0},{"ts":"2026-02-12T02:29:00Z","o":67401.1,"h":67499.1,"l":67401.0,"c":67499.1,"v":295495.0},{"ts":"2026-02-12T02:30:00Z","o":67499.1,"h":67499.7,"l":67448.8,"c":67458.6,"v":218039.0},{"ts":"2026-02-12T02:31:00Z","o":67458.6,"h":67492.8,"l":67458.6,"c":67471.3,"v":110770.0},{"ts":"2026-02-12T02:32:00Z","o":67471.3,"h":67612.4,"l":67471.3,"c":67600.6,"v":615923.0},{"ts":"2026-02-12T02:33:00Z","o":67600.6,"h":67679.9,"l":67593.5,"c":67666.1,"v":435753.0},{"ts":"2026-02-12T02:34:00Z","o":67666.1,"h":67710.3,"l":67621.4,"c":67700.0,"v":184381.0},{"ts":"2026-02-12T02:35:00Z","o":67700.0,"h":67715.2,"l":67643.2,"c":67648.3,"v":230584.0},{"ts":"2026-02-12T02:36:00Z","o":67648.3,"h":67672.8,"l":67634.2,"c":67634.2,"v":169482.0},{"ts":"2026-02-12T02:37:00Z","o":67634.2,"h":67692.4,"l":67634.2,"c":67686.9,"v":258463.0},{"ts":"2026-02-12T02:38:00Z","o":67686.9,"h":67700.0,"l":67653.4,"c":67670.3,"v":267119.0},{"ts":"2026-02-12T02:39:00Z","o":67670.3,"h":67680.9,"l":67625.8,"c":67629.2,"v":142289.0},{"ts":"2026-02-12T02:40:00Z","o":67629.2,"h":67675.5,"l":67629.1,"c":67665.4,"v":68039.0},{"ts":"2026-02-12T02:41:00Z","o":67665.4,"h":67684.0,"l":67652.0,"c":67652.0,"v":135639.0},{"ts":"2026-02-12T02:42:00Z","o":67652.0,"h":67728.2,"l":67650.0,"c":67710.7,"v":222781.0},{"ts":"2026-02-12T02:43:00Z","o":67710.7,"h":67718.6,"l":67664.4,"c":67668.8,"v":195015.0},{"ts":"2026-02-12T02:44:00Z","o":67668.8,"h":67718.6,"l":67668.8,"c":67711.4,"v":105879.0},{"ts":"2026-02-12T02:45:00Z","o":67711.4,"h":67718.4,"l":67680.0,"c":67686.1,"v":125889.0},{"ts":"2026-02-12T02:46:00Z","o":67686.1,"h":67710.0,"l":67652.0,"c":67670.3,"v":135538.0},{"ts":"2026-02-12T02:47:00Z","o":67670.3,"h":67680.0,"l":67616.5,"c":67617.7,"v":204259.0},{"ts":"2026-02-12T02:48:00Z","o":67617.7,"h":67624.2,"l":67617.7,"c":67624.2,"v":77243.0}],"5m":[{"ts":"2026-02-11T16:50:00Z","o":66006.6,"h":66168.3,"l":65950.9,"c":66145.2,"v":2217988.0},{"ts":"2026-02-11T16:55:00Z","o":66145.2,"h":66183.9,"l":66005.2,"c":66009.6,"v":1737150.0},{"ts":"2026-02-11T17:00:00Z","o":66009.6,"h":66084.8,"l":65839.8,"c":65965.0,"v":4162999.0},{"ts":"2026-02-11T17:05:00Z","o":65965.0,"h":66212.0,"l":65963.9,"c":66196.2,"v":2424418.0},{"ts":"2026-02-11T17:10:00Z","o":66196.2,"h":66326.3,"l":66126.0,"c":66240.5,"v":2773054.0},{"ts":"2026-02-11T17:15:00Z","o":66240.5,"h":66440.6,"l":66240.4,"c":66346.4,"v":2764504.0},{"ts":"2026-02-11T17:20:00Z","o":66346.4,"h":66620.1,"l":66346.4,"c":66471.3,"v":2993780.0},{"ts":"2026-02-11T17:25:00Z","o":66471.3,"h":66719.0,"l":66469.9,"c":66626.8,"v":2764878.0},{"ts":"2026-02-11T17:30:00Z","o":66626.8,"h":66797.0,"l":66552.6,"c":66728.0,"v":2709904.0},{"ts":"2026-02-11T17:35:00Z","o":66728.0,"h":66890.0,"l":66697.0,"c":66697.0,"v":3056064.0},{"ts":"2026-02-11T17:40:00Z","o":66697.0,"h":66759.7,"l":66516.0,"c":66579.9,"v":3434377.0},{"ts":"2026-02-11T17:45:00Z","o":66579.9,"h":66627.6,"l":66421.0,"c":66616.4,"v":2450158.0},{"ts":"2026-02-11T17:50:00Z","o":66616.4,"h":66750.3,"l":66556.4,"c":66649.3,"v":2353568.0},{"ts":"2026-02-11T17:55:00Z","o":66649.3,"h":66660.0,"l":66483.3,"c":66489.0,"v":1306291.0},{"ts":"2026-02-11T18:00:00Z","o":66489.0,"h":66531.5,"l":66343.0,"c":66344.7,"v":1998041.0},{"ts":"2026-02-11T18:05:00Z","o":66344.7,"h":66345.0,"l":66188.1,"c":66226.7,"v":2675062.0},{"ts":"2026-02-11T18:10:00Z","o":66226.7,"h":66449.1,"l":66119.4,"c":66437.7,"v":3389709.0},{"ts":"2026-02-11T18:15:00Z","o":66437.7,"h":66776.1,"l":66424.0,"c":66742.0,"v":3569025.0},{"ts":"2026-02-11T18:20:00Z","o":66742.0,"h":66935.8,"l":66636.5,"c":66900.1,"v":3075235.0},{"ts":"2026-02-11T18:25:00Z","o":66900.1,"h":67060.3,"l":66821.6,"c":66891.1,"v":2958165.0},{"ts":"2026-02-11T18:30:00Z","o":66891.1,"h":66939.2,"l":66770.0,"c":66837.4,"v":2634240.0},{"ts":"2026-02-11T18:35:00Z","o":66837.4,"h":67115.1,"l":66812.2,"c":67066.5,"v":2965092.0},{"ts":"2026-02-11T18:40:00Z","o":67066.5,"h":67173.0,"l":66906.9,"c":66999.2,"v":2654673.0},{"ts":"2026-02-11T18:45:00Z","o":66999.2,"h":67195.7,"l":66973.3,"c":67195.7,"v":2895763.0},{"ts":"2026-02-11T18:50:00Z","o":67195.7,"h":67238.1,"l":67051.9,"c":67205.5,"v":2711705.0},{"ts":"2026-02-11T18:55:00Z","o":67205.5,"h":67272.3,"l":67143.5,"c":67239.2,"v":2258761.0},{"ts":"2026-02-11T19:00:00Z","o":67239.2,"h":67356.3,"l":67078.8,"c":67339.7,"v":3022029.0},{"ts":"2026-02-11T19:05:00Z","o":67339.7,"h":67631.9,"l":67210.0,"c":67424.4,"v":7302712.0},{"ts":"2026-02-11T19:10:00Z","o":67424.4,"h":67655.8,"l":67374.2,"c":67604.9,"v":2890454.0},{"ts":"2026-02-11T19:15:00Z","o":67604.9,"h":67726.4,"l":67446.2,"c":67468.7,"v":3841886.0},{"ts":"2026-02-11T19:20:00Z","o":67468.7,"h":67613.9,"l":67383.2,"c":67545.0,"v":1694198.0},{"ts":"2026-02-11T19:25:00Z","o":67545.0,"h":67579.9,"l":67377.0,"c":67392.1,"v":1997448.0},{"ts":"2026-02-11T19:30:00Z","o":67392.1,"h":67443.6,"l":67267.0,"c":67443.5,"v":2534160.0},{"ts":"2026-02-11T19:35:00Z","o":67443.5,"h":67673.1,"l":67400.1,"c":67612.7,"v":2597603.0},{"ts":"2026-02-11T19:40:00Z","o":67612.7,"h":67830.3,"l":67603.2,"c":67755.3,"v":3420735.0},{"ts":"2026-02-11T19:45:00Z","o":67755.3,"h":67798.1,"l":67583.5,"c":67606.0,"v":3098720.0},{"ts":"2026-02-11T19:50:00Z","o":67606.0,"h":67676.9,"l":67490.0,"c":67545.8,"v":2582691.0},{"ts":"2026-02-11T19:55:00Z","o":67545.8,"h":67585.9,"l":67486.4,"c":67547.7,"v":1689309.0},{"ts":"2026-02-11T20:00:00Z","o":67547.7,"h":67686.4,"l":67494.9,"c":67588.6,"v":2701909.0},{"ts":"2026-02-11T20:05:00Z","o":67588.6,"h":67588.7,"l":67388.7,"c":67495.7,"v":2738028.0},{"ts":"2026-02-11T20:10:00Z","o":67495.7,"h":67623.4,"l":67462.3,"c":67613.3,"v":1592131.0},{"ts":"2026-02-11T20:15:00Z","o":67613.3,"h":67719.1,"l":67531.0,"c":67548.0,"v":2105900.0},{"ts":"2026-02-11T20:20:00Z","o":67548.0,"h":67576.8,"l":67391.8,"c":67417.7,"v":1512962.0},{"ts":"2026-02-11T20:25:00Z","o":67417.7,"h":67434.9,"l":67176.7,"c":67178.0,"v":3816592.0},{"ts":"2026-02-11T20:30:00Z","o":67178.0,"h":67294.1,"l":67147.1,"c":67291.5,"v":2876979.0},{"ts":"2026-02-11T20:35:00Z","o":67291.5,"h":67407.2,"l":67248.2,"c":67355.5,"v":1995905.0},{"ts":"2026-02-11T20:40:00Z","o":67355.5,"h":67393.1,"l":67260.8,"c":67271.1,"v":774533.0},{"ts":"2026-02-11T20:45:00Z","o":67271.1,"h":67620.1,"l":67257.4,"c":67593.9,"v":3728637.0},{"ts":"2026-02-11T20:50:00Z","o":67593.9,"h":67599.9,"l":67459.0,"c":67462.6,"v":2194775.0},{"ts":"2026-02-11T20:55:00Z","o":67462.6,"h":67611.4,"l":67457.7,"c":67518.6,"v":1474305.0},{"ts":"2026-02-11T21:00:00Z","o":67518.6,"h":67556.0,"l":67377.7,"c":67474.8,"v":1450481.0},{"ts":"2026-02-11T21:05:00Z","o":67474.8,"h":67685.4,"l":67466.4,"c":67652.3,"v":1499959.0},{"ts":"2026-02-11T21:10:00Z","o":67652.3,"h":67727.8,"l":67621.4,"c":67652.4,"v":1449386.0},{"ts":"2026-02-11T21:15:00Z","o":67652.4,"h":67698.3,"l":67558.2,"c":67646.2,"v":1800042.0},{"ts":"2026-02-11T21:20:00Z","o":67646.2,"h":67950.0,"l":67553.5,"c":67901.6,"v":3364006.0},{"ts":"2026-02-11T21:25:00Z","o":67901.6,"h":68190.0,"l":67885.0,"c":68155.0,"v":6825540.0},{"ts":"2026-02-11T21:30:00Z","o":68155.0,"h":68234.3,"l":67934.7,"c":68069.4,"v":5475836.0},{"ts":"2026-02-11T21:35:00Z","o":68069.4,"h":68318.2,"l":68068.0,"c":68111.8,"v":3751922.0},{"ts":"2026-02-11T21:40:00Z","o":68111.8,"h":68149.9,"l":67892.6,"c":67957.4,"v":3062583.0},{"ts":"2026-02-11T21:45:00Z","o":67957.4,"h":67994.6,"l":67861.5,"c":67883.1,"v":2237735.0},{"ts":"2026-02-11T21:50:00Z","o":67883.1,"h":67960.7,"l":67857.3,"c":67857.8,"v":1603160.0},{"ts":"2026-02-11T21:55:00Z","o":67857.8,"h":67889.3,"l":67766.7,"c":67778.7,"v":2430369.0},{"ts":"2026-02-11T22:00:00Z","o":67778.7,"h":67830.8,"l":67672.9,"c":67744.0,"v":2601023.0},{"ts":"2026-02-11T22:05:00Z","o":67744.0,"h":67844.1,"l":67738.3,"c":67738.4,"v":1351683.0},{"ts":"2026-02-11T22:10:00Z","o":67738.4,"h":67747.2,"l":67565.0,"c":67637.5,"v":2557538.0},{"ts":"2026-02-11T22:15:00Z","o":67637.5,"h":67755.9,"l":67618.9,"c":67619.0,"v":1288527.0},{"ts":"2026-02-11T22:20:00Z","o":67619.0,"h":67630.6,"l":67507.9,"c":67536.8,"v":2270992.0},{"ts":"2026-02-11T22:25:00Z","o":67536.8,"h":67550.8,"l":67356.2,"c":67535.1,"v":2019220.0},{"ts":"2026-02-11T22:30:00Z","o":67535.1,"h":67569.3,"l":67445.3,"c":67510.2,"v":1832476.0},{"ts":"2026-02-11T22:35:00Z","o":67510.2,"h":67530.0,"l":67360.4,"c":67514.6,"v":1558688.0},{"ts":"2026-02-11T22:40:00Z","o":67514.6,"h":67656.7,"l":67503.3,"c":67606.6,"v":1901205.0},{"ts":"2026-02-11T22:45:00Z","o":67606.6,"h":67685.1,"l":67512.5,"c":67620.9,"v":1242813.0},{"ts":"2026-02-11T22:50:00Z","o":67620.9,"h":67620.9,"l":67391.1,"c":67412.5,"v":1757937.0},{"ts":"2026-02-11T22:55:00Z","o":67412.5,"h":67473.0,"l":67372.2,"c":67386.9,"v":1047104.0},{"ts":"2026-02-11T23:00:00Z","o":67386.9,"h":67409.7,"l":67203.6,"c":67374.5,"v":4372724.0},{"ts":"2026-02-11T23:05:00Z","o":67374.5,"h":67528.7,"l":67324.0,"c":67340.5,"v":1348572.0},{"ts":"2026-02-11T23:10:00Z","o":67340.5,"h":67380.0,"l":67206.9,"c":67300.1,"v":2844129.0},{"ts":"2026-02-11T23:15:00Z","o":67300.1,"h":67369.0,"l":67237.6,"c":67237.6,"v":1483207.0},{"ts":"2026-02-11T23:20:00Z","o":67237.6,"h":67274.1,"l":66859.8,"c":66912.0,"v":6361062.0},{"ts":"2026-02-11T23:25:00Z","o":66912.0,"h":67060.3,"l":66872.3,"c":66983.0,"v":2010170.0},{"ts":"2026-02-11T23:30:00Z","o":66983.0,"h":67060.0,"l":66858.8,"c":66863.5,"v":1895628.0},{"ts":"2026-02-11T23:35:00Z","o":66863.5,"h":67043.6,"l":66757.4,"c":67040.9,"v":3774708.0},{"ts":"2026-02-11T23:40:00Z","o":67040.9,"h":67104.0,"l":66949.9,"c":67050.0,"v":1130608.0},{"ts":"2026-02-11T23:45:00Z","o":67050.0,"h":67061.3,"l":66873.9,"c":66888.5,"v":1259181.0},{"ts":"2026-02-11T23:50:00Z","o":66888.5,"h":67000.0,"l":66849.8,"c":66997.5,"v":1473918.0},{"ts":"2026-02-11T23:55:00Z","o":66997.5,"h":67076.6,"l":66951.4,"c":67048.6,"v":737222.0},{"ts":"2026-02-12T00:00:00Z","o":67048.6,"h":67186.3,"l":67018.3,"c":67075.1,"v":1535471.0},{"ts":"2026-02-12T00:05:00Z","o":67075.1,"h":67323.2,"l":67065.7,"c":67314.0,"v":2134585.0},{"ts":"2026-02-12T00:10:00Z","o":67314.0,"h":67346.2,"l":67284.8,"c":67329.0,"v":1816874.0},{"ts":"2026-02-12T00:15:00Z","o":67329.0,"h":67396.7,"l":67301.4,"c":67341.1,"v":1426099.0},{"ts":"2026-02-12T00:20:00Z","o":67341.1,"h":67365.8,"l":67278.1,"c":67365.8,"v":1153136.0},{"ts":"2026-02-12T00:25:00Z","o":67365.8,"h":67481.5,"l":67308.1,"c":67350.0,"v":1626123.0},{"ts":"2026-02-12T00:30:00Z","o":67350.0,"h":67470.0,"l":67350.0,"c":67426.1,"v":907672.0},{"ts":"2026-02-12T00:35:00Z","o":67426.1,"h":67679.2,"l":67401.9,"c":67470.3,"v":3650233.0},{"ts":"2026-02-12T00:40:00Z","o":67470.3,"h":67558.8,"l":67470.2,"c":67551.5,"v":826375.0},{"ts":"2026-02-12T00:45:00Z","o":67551.5,"h":67650.0,"l":67460.0,"c":67494.7,"v":1450697.0},{"ts":"2026-02-12T00:50:00Z","o":67494.7,"h":67516.7,"l":67463.1,"c":67499.9,"v":412905.0},{"ts":"2026-02-12T00:55:00Z","o":67499.9,"h":67571.6,"l":67431.2,"c":67431.2,"v":923247.0},{"ts":"2026-02-12T01:00:00Z","o":67431.2,"h":67585.5,"l":67431.2,"c":67513.4,"v":846859.0},{"ts":"2026-02-12T01:05:00Z","o":67513.4,"h":67571.0,"l":67430.5,"c":67500.0,"v":738197.0},{"ts":"2026-02-12T01:10:00Z","o":67500.0,"h":67677.4,"l":67493.9,"c":67672.0,"v":1084129.0},{"ts":"2026-02-12T01:15:00Z","o":67672.0,"h":67739.3,"l":67580.9,"c":67608.9,"v":2074233.0},{"ts":"2026-02-12T01:20:00Z","o":67608.9,"h":67617.3,"l":67523.5,"c":67595.1,"v":951825.0},{"ts":"2026-02-12T01:25:00Z","o":67595.1,"h":67849.0,"l":67594.3,"c":67778.2,"v":3023148.0},{"ts":"2026-02-12T01:30:00Z","o":67778.2,"h":67835.9,"l":67732.1,"c":67761.2,"v":1069436.0},{"ts":"2026-02-12T01:35:00Z","o":67761.2,"h":68018.3,"l":67730.1,"c":67880.0,"v":2767524.0},{"ts":"2026-02-12T01:40:00Z","o":67880.0,"h":67940.6,"l":67800.5,"c":67820.9,"v":879154.0},{"ts":"2026-02-12T01:45:00Z","o":67820.9,"h":67845.2,"l":67632.0,"c":67640.1,"v":1682741.0},{"ts":"2026-02-12T01:50:00Z","o":67640.1,"h":67698.7,"l":67577.1,"c":67612.1,"v":1570159.0},{"ts":"2026-02-12T01:55:00Z","o":67612.1,"h":67691.6,"l":67587.0,"c":67668.3,"v":935564.0},{"ts":"2026-02-12T02:00:00Z","o":67668.3,"h":67671.7,"l":67526.1,"c":67560.0,"v":1112172.0},{"ts":"2026-02-12T02:05:00Z","o":67560.0,"h":67769.8,"l":67527.8,"c":67688.4,"v":1432535.0},{"ts":"2026-02-12T02:10:00Z","o":67688.4,"h":67701.3,"l":67462.8,"c":67466.3,"v":1454130.0},{"ts":"2026-02-12T02:15:00Z","o":67466.3,"h":67490.9,"l":67380.1,"c":67450.0,"v":1387043.0},{"ts":"2026-02-12T02:20:00Z","o":67450.0,"h":67545.3,"l":67426.2,"c":67524.8,"v":945005.0},{"ts":"2026-02-12T02:25:00Z","o":67524.8,"h":67525.0,"l":67388.8,"c":67499.1,"v":1194661.0},{"ts":"2026-02-12T02:30:00Z","o":67499.1,"h":67710.3,"l":67448.8,"c":67700.0,"v":1564866.0},{"ts":"2026-02-12T02:35:00Z","o":67700.0,"h":67715.2,"l":67625.8,"c":67629.2,"v":1067937.0},{"ts":"2026-02-12T02:40:00Z","o":67629.2,"h":67728.2,"l":67629.1,"c":67711.4,"v":727353.0},{"ts":"2026-02-12T02:45:00Z","o":67711.4,"h":67718.4,"l":67616.5,"c":67624.0,"v":543283.0}],"15m":[{"ts":"2026-02-11T07:00:00Z","o":66780.0,"h":66944.8,"l":66611.0,"c":66707.8,"v":6651002.0},{"ts":"2026-02-11T07:15:00Z","o":66707.8,"h":66976.8,"l":66635.7,"c":66962.9,"v":6412723.0},{"ts":"2026-02-11T07:30:00Z","o":66962.9,"h":67179.3,"l":66907.8,"c":67126.6,"v":6313178.0},{"ts":"2026-02-11T07:45:00Z","o":67126.6,"h":67221.0,"l":66987.3,"c":66999.9,"v":4998902.0},{"ts":"2026-02-11T08:00:00Z","o":66999.9,"h":67094.5,"l":66810.9,"c":66873.9,"v":6270664.0},{"ts":"2026-02-11T08:15:00Z","o":66873.9,"h":67046.8,"l":66782.0,"c":66895.2,"v":5944954.0},{"ts":"2026-02-11T08:30:00Z","o":66895.2,"h":67025.5,"l":66758.8,"c":67005.2,"v":7325932.0},{"ts":"2026-02-11T08:45:00Z","o":67005.2,"h":67006.7,"l":66876.0,"c":66955.5,"v":2916652.0},{"ts":"2026-02-11T09:00:00Z","o":66955.5,"h":67080.8,"l":66793.4,"c":66894.8,"v":5326596.0},{"ts":"2026-02-11T09:15:00Z","o":66894.8,"h":66947.6,"l":66770.8,"c":66947.6,"v":3921261.0},{"ts":"2026-02-11T09:30:00Z","o":66947.6,"h":66973.1,"l":66764.4,"c":66819.9,"v":4239380.0},{"ts":"2026-02-11T09:45:00Z","o":66819.9,"h":66848.6,"l":66686.0,"c":66848.6,"v":5164797.0},{"ts":"2026-02-11T10:00:00Z","o":66848.6,"h":66848.6,"l":66611.9,"c":66716.5,"v":6116839.0},{"ts":"2026-02-11T10:15:00Z","o":66716.5,"h":66858.1,"l":66640.2,"c":66839.0,"v":4538379.0},{"ts":"2026-02-11T10:30:00Z","o":66839.0,"h":66851.8,"l":66524.2,"c":66697.7,"v":9112497.0},{"ts":"2026-02-11T10:45:00Z","o":66697.7,"h":66744.8,"l":66350.7,"c":66505.5,"v":13428155.0},{"ts":"2026-02-11T11:00:00Z","o":66505.5,"h":66690.1,"l":66484.3,"c":66636.4,"v":5420361.0},{"ts":"2026-02-11T11:15:00Z","o":66636.4,"h":67081.1,"l":66607.5,"c":66961.5,"v":9952955.0},{"ts":"2026-02-11T11:30:00Z","o":66961.5,"h":67019.0,"l":66860.0,"c":66896.6,"v":4203460.0},{"ts":"2026-02-11T11:45:00Z","o":66896.6,"h":67064.3,"l":66896.5,"c":67027.8,"v":4025960.0},{"ts":"2026-02-11T12:00:00Z","o":67027.8,"h":67264.7,"l":66922.6,"c":67058.1,"v":8195612.0},{"ts":"2026-02-11T12:15:00Z","o":67058.1,"h":67393.4,"l":67048.9,"c":67188.2,"v":8022859.0},{"ts":"2026-02-11T12:30:00Z","o":67188.2,"h":67269.9,"l":66988.8,"c":67050.0,"v":6679300.0},{"ts":"2026-02-11T12:45:00Z","o":67050.0,"h":67139.1,"l":66975.9,"c":67099.2,"v":4182458.0},{"ts":"2026-02-11T13:00:00Z","o":67099.2,"h":67176.1,"l":66802.5,"c":66895.1,"v":6606504.0},{"ts":"2026-02-11T13:15:00Z","o":66895.1,"h":67002.4,"l":66766.9,"c":67000.0,"v":6461714.0},{"ts":"2026-02-11T13:30:00Z","o":67000.0,"h":67631.4,"l":66848.7,"c":67189.6,"v":21999674.0},{"ts":"2026-02-11T13:45:00Z","o":67189.6,"h":67531.2,"l":66880.7,"c":67418.2,"v":12293155.0},{"ts":"2026-02-11T14:00:00Z","o":67418.2,"h":68812.6,"l":67411.4,"c":68417.5,"v":36484233.0},{"ts":"2026-02-11T14:15:00Z","o":68417.5,"h":68548.0,"l":67907.4,"c":67974.5,"v":14203651.0},{"ts":"2026-02-11T14:30:00Z","o":67974.5,"h":68216.2,"l":66912.7,"c":67203.5,"v":22552173.0},{"ts":"2026-02-11T14:45:00Z","o":67203.5,"h":67400.2,"l":66410.0,"c":66559.9,"v":17993530.0},{"ts":"2026-02-11T15:00:00Z","o":66559.9,"h":66770.7,"l":65720.2,"c":66078.3,"v":29670512.0},{"ts":"2026-02-11T15:15:00Z","o":66078.3,"h":66526.8,"l":65866.8,"c":66156.5,"v":19651332.0},{"ts":"2026-02-11T15:30:00Z","o":66156.5,"h":66782.5,"l":66081.6,"c":66724.9,"v":14786017.0},{"ts":"2026-02-11T15:45:00Z","o":66724.9,"h":66788.1,"l":66029.4,"c":66489.1,"v":16161579.0},{"ts":"2026-02-11T16:00:00Z","o":66489.1,"h":67242.9,"l":66387.3,"c":67121.6,"v":13690456.0},{"ts":"2026-02-11T16:15:00Z","o":67121.6,"h":67161.6,"l":66545.6,"c":66579.0,"v":9062415.0},{"ts":"2026-02-11T16:30:00Z","o":66579.0,"h":66704.6,"l":66089.3,"c":66101.7,"v":11682048.0},{"ts":"2026-02-11T16:45:00Z","o":66101.7,"h":66289.6,"l":65917.2,"c":66009.6,"v":8145936.0},{"ts":"2026-02-11T17:00:00Z","o":66009.6,"h":66326.3,"l":65839.8,"c":66240.5,"v":9360471.0},{"ts":"2026-02-11T17:15:00Z","o":66240.5,"h":66719.0,"l":66240.4,"c":66626.8,"v":8523162.0},{"ts":"2026-02-11T17:30:00Z","o":66626.8,"h":66890.0,"l":66516.0,"c":66579.9,"v":9200345.0},{"ts":"2026-02-11T17:45:00Z","o":66579.9,"h":66750.3,"l":66421.0,"c":66489.0,"v":6110017.0},{"ts":"2026-02-11T18:00:00Z","o":66489.0,"h":66531.5,"l":66119.4,"c":66437.7,"v":8062812.0},{"ts":"2026-02-11T18:15:00Z","o":66437.7,"h":67060.3,"l":66424.0,"c":66891.1,"v":9602425.0},{"ts":"2026-02-11T18:30:00Z","o":66891.1,"h":67173.0,"l":66770.0,"c":66999.2,"v":8254005.0},{"ts":"2026-02-11T18:45:00Z","o":66999.2,"h":67272.3,"l":66973.3,"c":67239.2,"v":7866229.0},{"ts":"2026-02-11T19:00:00Z","o":67239.2,"h":67655.8,"l":67078.8,"c":67604.9,"v":13215195.0},{"ts":"2026-02-11T19:15:00Z","o":67604.9,"h":67726.4,"l":67377.0,"c":67392.1,"v":7533532.0},{"ts":"2026-02-11T19:30:00Z","o":67392.1,"h":67830.3,"l":67267.0,"c":67755.3,"v":8552498.0},{"ts":"2026-02-11T19:45:00Z","o":67755.3,"h":67798.1,"l":67486.4,"c":67547.7,"v":7370720.0},{"ts":"2026-02-11T20:00:00Z","o":67547.7,"h":67686.4,"l":67388.7,"c":67613.3,"v":7032068.0},{"ts":"2026-02-11T20:15:00Z","o":67613.3,"h":67719.1,"l":67176.7,"c":67178.0,"v":7435454.0},{"ts":"2026-02-11T20:30:00Z","o":67178.0,"h":67407.2,"l":67147.1,"c":67271.1,"v":5647417.0},{"ts":"2026-02-11T20:45:00Z","o":67271.1,"h":67620.1,"l":67257.4,"c":67518.6,"v":7397717.0},{"ts":"2026-02-11T21:00:00Z","o":67518.6,"h":67727.8,"l":67377.7,"c":67652.4,"v":4399826.0},{"ts":"2026-02-11T21:15:00Z","o":67652.4,"h":68190.0,"l":67553.5,"c":68155.0,"v":11989588.0},{"ts":"2026-02-11T21:30:00Z","o":68155.0,"h":68318.2,"l":67892.6,"c":67957.4,"v":12290341.0},{"ts":"2026-02-11T21:45:00Z","o":67957.4,"h":67994.6,"l":67766.7,"c":67778.7,"v":6271264.0},{"ts":"2026-02-11T22:00:00Z","o":67778.7,"h":67844.1,"l":67565.0,"c":67637.5,"v":6510244.0},{"ts":"2026-02-11T22:15:00Z","o":67637.5,"h":67755.9,"l":67356.2,"c":67535.1,"v":5578739.0},{"ts":"2026-02-11T22:30:00Z","o":67535.1,"h":67656.7,"l":67360.4,"c":67606.6,"v":5292369.0},{"ts":"2026-02-11T22:45:00Z","o":67606.6,"h":67685.1,"l":67372.2,"c":67386.9,"v":4047854.0},{"ts":"2026-02-11T23:00:00Z","o":67386.9,"h":67528.7,"l":67203.6,"c":67300.1,"v":8565425.0},{"ts":"2026-02-11T23:15:00Z","o":67300.1,"h":67369.0,"l":66859.8,"c":66983.0,"v":9854439.0},{"ts":"2026-02-11T23:30:00Z","o":66983.0,"h":67104.0,"l":66757.4,"c":67050.0,"v":6800944.0},{"ts":"2026-02-11T23:45:00Z","o":67050.0,"h":67076.6,"l":66849.8,"c":67048.6,"v":3470321.0},{"ts":"2026-02-12T00:00:00Z","o":67048.6,"h":67346.2,"l":67018.3,"c":67329.0,"v":5486930.0},{"ts":"2026-02-12T00:15:00Z","o":67329.0,"h":67481.5,"l":67278.1,"c":67350.0,"v":4205358.0},{"ts":"2026-02-12T00:30:00Z","o":67350.0,"h":67679.2,"l":67350.0,"c":67551.5,"v":5384280.0},{"ts":"2026-02-12T00:45:00Z","o":67551.5,"h":67650.0,"l":67431.2,"c":67431.2,"v":2786849.0},{"ts":"2026-02-12T01:00:00Z","o":67431.2,"h":67677.4,"l":67430.5,"c":67672.0,"v":2669185.0},{"ts":"2026-02-12T01:15:00Z","o":67672.0,"h":67849.0,"l":67523.5,"c":67778.2,"v":6049206.0},{"ts":"2026-02-12T01:30:00Z","o":67778.2,"h":68018.3,"l":67730.1,"c":67820.9,"v":4716114.0},{"ts":"2026-02-12T01:45:00Z","o":67820.9,"h":67845.2,"l":67577.1,"c":67668.3,"v":4188464.0},{"ts":"2026-02-12T02:00:00Z","o":67668.3,"h":67769.8,"l":67462.8,"c":67466.3,"v":3998837.0},{"ts":"2026-02-12T02:15:00Z","o":67466.3,"h":67545.3,"l":67380.1,"c":67499.1,"v":3526709.0},{"ts":"2026-02-12T02:30:00Z","o":67499.1,"h":67728.2,"l":67448.8,"c":67711.4,"v":3360156.0},{"ts":"2026-02-12T02:45:00Z","o":67711.4,"h":67718.4,"l":67616.5,"c":67617.6,"v":545273.0}]},"features":{"P_used":67617.8,"orderbook":{"topN":20,"bandPct":0.0015,"bidSumTopN":184682.0,"askSumTopN":188155.0,"bidAskRatioTopN":0.9815418139300045,"bestBid":67624.1,"bestAsk":67624.2,"spread":0.09999999999126885,"spreadBps":0.014789005260636822,"nearBand":{"bidCount":20,"askCount":20,"topBidWall":{"price":67623.2,"size":101979.0},"topAskWall":{"price":67625.0,"size":102971.0}}},"orderbookHistory":{"available":true,"bidWall":{"samples":28,"persistRate":0.2962962962962963,"churnRate":0.7037037037037037,"sizeCv":0.4667728218351068},"askWall":{"samples":25,"persistRate":0.2916666666666667,"churnRate":0.7083333333333334,"sizeCv":0.2784098480539988}},"trades":{"available":true,"buyVol":2700.0,"sellVol":6393.0,"buyCnt":17,"sellCnt":23,"buyVolRatio":0.29693170570768723,"sellVolRatio":0.7030682942923128,"maxTrade":{"price":67624.1,"vol":2573.0,"T":2}},"openInterest":{"available":true,"windowSamples":25,"oiStart":557062617.0,"oiEnd":557757264.0,"oiChange":694647.0,"oiChangePct":0.12469818989846163,"pxStart":67624.1,"pxEnd":67687.9,"pxChangePct":0.09434506337236037,"leverageChaseFlag":false},"context":{"available":true,"range15m":{"hi":68018.3,"lo":66757.4,"pos01":0.6822111190419586,"lastClose":67617.6,"meanClose":67472.16500000001},"range5m":{"hi":68018.3,"lo":66757.4,"pos01":0.6872868585930683,"lastClose":67624.0,"meanClose":67468.13}}}}