{"meta":{"exchange":"MEXC","market":"FUTURES","symbol":"BTC_USDT","generated_at":"2026-02-13T00:42:50Z"},"marketInfo":{"priceUnit":0.1,"volUnit":1,"minVol":1,"contractSize":0.0001,"priceScale":1,"volScale":0,"maxLeverage":500},"price":{"ticker":{"contractId":10,"symbol":"BTC_USDT","lastPrice":66050,"bid1":66050,"ask1":66050.1,"volume24":254018399,"amount24":1698443322.99891,"holdVol":530425814,"lower24Price":65081.1,"high24Price":68381.5,"riseFallRate":-0.0156,"riseFallValue":-1053.5,"indexPrice":66078.61,"fairPrice":66050,"fundingRate":5.3e-05,"maxBidPrice":72686.4,"minAskPrice":59470.7,"timestamp":1770943369771,"riseFallRates":{"zone":"UTC+8","r":-0.0156,"v":-1053.5,"r7":-0.0207,"r30":-0.2928,"r90":-0.3173,"r180":-0.4384,"r365":-0.3102},"riseFallRatesOfTimezone":[-0.0148,-0.0029,-0.0156]},"funding":{"symbol":"BTC_USDT","fundingRate":5.3e-05,"maxFundingRate":0.0018,"minFundingRate":-0.0018,"collectCycle":8,"nextSettleTime":1770969600000,"timestamp":1770943371628},"index":{"symbol":"BTC_USDT","indexPrice":66078.61,"timestamp":1770943371899},"fair":{"symbol":"BTC_USDT","fairPrice":66050.2,"timestamp":1770943372360}},"metrics":{"openInterestNow":530425814,"oiHistory":[{"t":1770943375679,"lastPrice":66050.2,"bid1":66050.2,"ask1":66050.3,"holdVol":530425420,"fundingRate":5.3e-05,"indexPrice":66078.61,"fairPrice":66050.2},{"t":1770943378142,"lastPrice":66050.1,"bid1":66050,"ask1":66050.1,"holdVol":530426428,"fundingRate":5.3e-05,"indexPrice":66078.61,"fairPrice":66050.3},{"t":1770943380615,"lastPrice":66050.1,"bid1":66050,"ask1":66050.1,"holdVol":530425891,"fundingRate":5.3e-05,"indexPrice":66078.61,"fairPrice":66050.1},{"t":1770943383135,"lastPrice":66049,"bid1":66048.9,"ask1":66049,"holdVol":530354284,"fundingRate":5.3e-05,"indexPrice":66078.61,"fairPrice":66049},{"t":1770943385985,"lastPrice":66044.2,"bid1":66043.7,"ask1":66043.8,"holdVol":530353670,"fundingRate":5.3e-05,"indexPrice":66078.34,"fairPrice":66048.8},{"t":1770943388477,"lastPrice":66052.3,"bid1":66052.2,"ask1":66052.3,"holdVol":530354102,"fundingRate":5.3e-05,"indexPrice":66078.52,"fairPrice":66048},{"t":1770943390958,"lastPrice":66052.3,"bid1":66052.2,"ask1":66052.3,"holdVol":530354102,"fundingRate":5.3e-05,"indexPrice":66078.52,"fairPrice":66048},{"t":1770943393416,"lastPrice":66052.2,"bid1":66052.2,"ask1":66052.3,"holdVol":530329958,"fundingRate":5.3e-05,"indexPrice":66078.6,"fairPrice":66052.3},{"t":1770943395937,"lastPrice":66052.3,"bid1":66052.2,"ask1":66052.3,"holdVol":530329958,"fundingRate":5.3e-05,"indexPrice":66079.73,"fairPrice":66052.2},{"t":1770943398401,"lastPrice":66059.4,"bid1":66052.2,"ask1":66052.3,"holdVol":530354985,"fundingRate":5.3e-05,"indexPrice":66083.52,"fairPrice":66053.1},{"t":1770943400885,"lastPrice":66040.2,"bid1":66040.1,"ask1":66040.2,"holdVol":530337196,"fundingRate":5.3e-05,"indexPrice":66065.02,"fairPrice":66049.6},{"t":1770943403414,"lastPrice":66040,"bid1":66039.8,"ask1":66039.9,"holdVol":530287996,"fundingRate":5.3e-05,"indexPrice":66064.92,"fairPrice":66040},{"t":1770943405915,"lastPrice":66040,"bid1":66039.8,"ask1":66039.9,"holdVol":530287996,"fundingRate":5.3e-05,"indexPrice":66064.92,"fairPrice":66040},{"t":1770943408430,"lastPrice":66030.3,"bid1":66030.3,"ask1":66030.4,"holdVol":530612246,"fundingRate":5.3e-05,"indexPrice":66055.63,"fairPrice":66026.2},{"t":1770943411248,"lastPrice":66036.4,"bid1":66036.4,"ask1":66036.5,"holdVol":530565945,"fundingRate":5.3e-05,"indexPrice":66064.4,"fairPrice":66036.4},{"t":1770943414327,"lastPrice":66036.5,"bid1":66036.2,"ask1":66036.5,"holdVol":530560531,"fundingRate":5.3e-05,"indexPrice":66064.51,"fairPrice":66036.2},{"t":1770943416777,"lastPrice":66033.2,"bid1":66033.2,"ask1":66033.3,"holdVol":530549683,"fundingRate":5.3e-05,"indexPrice":66059.4,"fairPrice":66033.2},{"t":1770943419523,"lastPrice":66040.4,"bid1":66033.1,"ask1":66034.4,"holdVol":530576832,"fundingRate":5.3e-05,"indexPrice":66065.8,"fairPrice":66036.4},{"t":1770943421969,"lastPrice":66033.1,"bid1":66033.1,"ask1":66033.2,"holdVol":530576832,"fundingRate":5.3e-05,"indexPrice":66060.22,"fairPrice":66033.1},{"t":1770943424741,"lastPrice":66024.2,"bid1":66024.1,"ask1":66024.2,"holdVol":530580604,"fundingRate":5.3e-05,"indexPrice":66058.73,"fairPrice":66028.5},{"t":1770943427491,"lastPrice":66024.2,"bid1":66024.1,"ask1":66024.2,"holdVol":530580604,"fundingRate":5.3e-05,"indexPrice":66058.73,"fairPrice":66028.5},{"t":1770943429947,"lastPrice":66013.1,"bid1":66013.1,"ask1":66013.2,"holdVol":530585625,"fundingRate":5.3e-05,"indexPrice":66045.16,"fairPrice":66014.9},{"t":1770943432399,"lastPrice":66008.8,"bid1":66008.7,"ask1":66008.8,"holdVol":530564112,"fundingRate":5.3e-05,"indexPrice":66044.86,"fairPrice":66014.5},{"t":1770943434855,"lastPrice":66007,"bid1":66006.9,"ask1":66007,"holdVol":530427273,"fundingRate":5.3e-05,"indexPrice":66039.3,"fairPrice":66009}],"fundingRateNow":5.3e-05,"fundingRateHistory":{"pageSize":24,"totalCount":1619,"totalPage":68,"currentPage":1,"resultList":[{"symbol":"BTC_USDT","fundingRate":5.8e-05,"settleTime":1770940800000,"collectCycle":8},{"symbol":"BTC_USDT","fundingRate":-1.7e-05,"settleTime":1770912000000,"collectCycle":8},{"symbol":"BTC_USDT","fundingRate":3.3e-05,"settleTime":1770883200000,"collectCycle":8},{"symbol":"BTC_USDT","fundingRate":-1.3e-05,"settleTime":1770854400000,"collectCycle":8},{"symbol":"BTC_USDT","fundingRate":-1.2e-05,"settleTime":1770825600000,"collectCycle":8},{"symbol":"BTC_USDT","fundingRate":-8.3e-05,"settleTime":1770796800000,"collectCycle":8},{"symbol":"BTC_USDT","fundingRate":1.3e-05,"settleTime":1770768000000,"collectCycle":8},{"symbol":"BTC_USDT","fundingRate":-8.8e-05,"settleTime":1770739200000,"collectCycle":8},{"symbol":"BTC_USDT","fundingRate":-4.7e-05,"settleTime":1770710400000,"collectCycle":8},{"symbol":"BTC_USDT","fundingRate":-9e-05,"settleTime":1770681600000,"collectCycle":8},{"symbol":"BTC_USDT","fundingRate":-4.2e-05,"settleTime":1770652800000,"collectCycle":8},{"symbol":"BTC_USDT","fundingRate":1.7e-05,"settleTime":1770624000000,"collectCycle":8},{"symbol":"BTC_USDT","fundingRate":-2.9e-05,"settleTime":1770595200000,"collectCycle":8},{"symbol":"BTC_USDT","fundingRate":-4.9e-05,"settleTime":1770566400000,"collectCycle":8},{"symbol":"BTC_USDT","fundingRate":-3.5e-05,"settleTime":1770537600000,"collectCycle":8},{"symbol":"BTC_USDT","fundingRate":-3.4e-05,"settleTime":1770508800000,"collectCycle":8},{"symbol":"BTC_USDT","fundingRate":-3e-05,"settleTime":1770480000000,"collectCycle":8},{"symbol":"BTC_USDT","fundingRate":-8.2e-05,"settleTime":1770451200000,"collectCycle":8},{"symbol":"BTC_USDT","fundingRate":-0.000152,"settleTime":1770422400000,"collectCycle":8},{"symbol":"BTC_USDT","fundingRate":-0.000133,"settleTime":1770393600000,"collectCycle":8},{"symbol":"BTC_USDT","fundingRate":-0.000136,"settleTime":1770364800000,"collectCycle":8},{"symbol":"BTC_USDT","fundingRate":-1.3e-05,"settleTime":1770336000000,"collectCycle":8},{"symbol":"BTC_USDT","fundingRate":-4.9e-05,"settleTime":1770307200000,"collectCycle":8},{"symbol":"BTC_USDT","fundingRate":5e-06,"settleTime":1770278400000,"collectCycle":8}]}},"orderbook":{"asks":[[66050.3,3666,1],[66050.4,3518,1],[66050.5,4442,1],[66050.6,4201,1],[66050.7,4580,1],[66050.8,3821,1],[66050.9,3967,1],[66051,5437,2],[66051.1,3542,1],[66051.2,3827,1],[66051.3,3682,1],[66051.4,8720,2],[66051.5,8551,2],[66051.6,9016,2],[66051.7,8437,2],[66051.8,8673,2],[66051.9,4027,1],[66052,4711,1],[66052.1,4019,1],[66052.2,4084,1]],"bids":[[66050.2,13027,5],[66050,1692,3],[66048.9,7061,1],[66048.8,9329,1],[66048.7,4661,1],[66048.6,3489,1],[66048.5,4249,1],[66048.4,4522,1],[66048.3,4550,1],[66048.2,3674,1],[66048.1,4515,1],[66048,3916,1],[66047.9,105356,2],[66047.8,3631,1],[66047.7,4652,1],[66047.6,4098,1],[66047.5,5215,2],[66047.4,3666,1],[66047.3,3518,1],[66047.2,4442,1]],"version":32425254670,"timestamp":1770943372325},"orderbookHistory":{"depthCommits":[{"asks":[],"bids":[[66050.2,12181,5]],"version":32425254691},{"asks":[],"bids":[[66050.2,12221,5]],"version":32425254690},{"asks":[[66090.8,8072,1]],"bids":[],"version":32425254689},{"asks":[[66090.9,0,0]],"bids":[],"version":32425254688},{"asks":[[66094.5,10091,2]],"bids":[],"version":32425254687},{"asks":[],"bids":[[65992.1,0,0]],"version":32425254686},{"asks":[],"bids":[[65992.2,12108,1]],"version":32425254685},{"asks":[],"bids":[[65980.5,8648,1]],"version":32425254684},{"asks":[],"bids":[[65973.4,10378,1]],"version":32425254683},{"asks":[],"bids":[[65989.5,7783,1]],"version":32425254682},{"asks":[],"bids":[[65996.4,9513,1]],"version":32425254681},{"asks":[],"bids":[[65986,10090,1]],"version":32425254680},{"asks":[],"bids":[[65977,8937,1]],"version":32425254679},{"asks":[],"bids":[[65983.1,8360,1]],"version":32425254678},{"asks":[[66088.1,14991,2]],"bids":[],"version":32425254677},{"asks":[[66088.1,7500,1]],"bids":[],"version":32425254676},{"asks":[[66090.9,8072,1]],"bids":[],"version":32425254675},{"asks":[],"bids":[[65973.3,0,0]],"version":32425254674},{"asks":[],"bids":[[66050.2,13043,6]],"version":32425254673},{"asks":[],"bids":[[65976.9,0,0]],"version":32425254672},{"asks":[],"bids":[[65980.4,0,0]],"version":32425254671},{"asks":[],"bids":[[65983,0,0]],"version":32425254670},{"asks":[[66091,0,0]],"bids":[],"version":32425254669},{"asks":[],"bids":[[65996.3,0,0]],"version":32425254668},{"asks":[],"bids":[[65989.4,0,0]],"version":32425254667},{"asks":[],"bids":[[65985.9,0,0]],"version":32425254666},{"asks":[[66088.2,0,0]],"bids":[],"version":32425254665},{"asks":[[66088.2,7372,1]],"bids":[],"version":32425254664},{"asks":[[66091.1,0,0]],"bids":[],"version":32425254663},{"asks":[],"bids":[[66047.9,105356,2]],"version":32425254662},{"asks":[],"bids":[[66046.2,8661,2]],"version":32425254661},{"asks":[],"bids":[[66047.7,4652,1]],"version":32425254660},{"asks":[],"bids":[[66047.6,4098,1]],"version":32425254659},{"asks":[],"bids":[[66048.2,3674,1]],"version":32425254658},{"asks":[],"bids":[[66046.9,3821,1]],"version":32425254657},{"asks":[],"bids":[[66047.2,4442,1]],"version":32425254656},{"asks":[],"bids":[[66048.7,4661,1]],"version":32425254655},{"asks":[],"bids":[[66047.8,3631,1]],"version":32425254654},{"asks":[],"bids":[[66046.6,3542,1]],"version":32425254653},{"asks":[],"bids":[[66047.9,206096,3]],"version":32425254652},{"asks":[],"bids":[[66048.3,4550,1]],"version":32425254651},{"asks":[],"bids":[[66048.6,3489,1]],"version":32425254650},{"asks":[],"bids":[[66048.8,9329,1]],"version":32425254649},{"asks":[],"bids":[[66046,8372,2]],"version":32425254648},{"asks":[],"bids":[[66046.4,3683,1]],"version":32425254647},{"asks":[],"bids":[[66046.8,3967,1]],"version":32425254646},{"asks":[],"bids":[[66048.4,4522,1]],"version":32425254645},{"asks":[],"bids":[[66047.4,3666,1]],"version":32425254644},{"asks":[],"bids":[[66046.5,3827,1]],"version":32425254643},{"asks":[],"bids":[[66046.3,4661,1]],"version":32425254642},{"asks":[],"bids":[[66047.1,4201,1]],"version":32425254641},{"asks":[],"bids":[[66048,3916,1]],"version":32425254640},{"asks":[],"bids":[[66045.9,8456,2]],"version":32425254639},{"asks":[],"bids":[[66046.7,3920,1]],"version":32425254638},{"asks":[],"bids":[[66047,4580,1]],"version":32425254637},{"asks":[],"bids":[[66047.5,5215,2]],"version":32425254636},{"asks":[],"bids":[[66048.5,4249,1]],"version":32425254635},{"asks":[],"bids":[[66046.1,9877,3]],"version":32425254634},{"asks":[],"bids":[[66047.3,3518,1]],"version":32425254633},{"asks":[],"bids":[[66048.1,4515,1]],"version":32425254632}],"polled":{"seconds":60,"stepSec":2.0,"levels":20,"snapshots":[{"timestamp":1770943436736,"version":32425289513,"bids":[[66002.7,19601,4],[66002.6,11725,2],[66002.5,4011,1],[66002.4,4307,1],[66002.3,3599,1],[66002.2,3872,1],[66002.1,4407,1],[66002,4058,1],[66001.9,3757,1],[66001.8,104411,2],[66001.7,4474,1],[66001.6,3683,1],[66001.5,4326,1],[66001.4,4414,1],[66001.3,3940,1],[66001.2,4582,1],[66001.1,4144,1],[66001,3994,1],[66000.9,3834,1],[66000.8,3810,1]],"asks":[[66002.8,11355,1],[66002.9,3724,1],[66003,4011,1],[66003.1,4307,1],[66003.2,3599,1],[66003.3,3872,1],[66003.4,4407,1],[66003.5,4058,1],[66003.6,104567,2],[66003.7,3601,1],[66003.8,4474,1],[66003.9,3683,1],[66004,4326,1],[66004.1,4414,1],[66004.2,3940,1],[66004.3,4582,1],[66004.4,4144,1],[66004.5,3994,1],[66004.6,3834,1],[66004.7,3810,1]]},{"timestamp":1770943438871,"version":32425291665,"bids":[[65986,15813,2],[65985.9,8735,2],[65985.8,8306,2],[65985.7,3929,1],[65985.6,3544,1],[65985.4,6,1],[65985.2,3735,1],[65985.1,105457,2],[65985,3534,3],[65984.9,3728,1],[65984.8,3574,1],[65984.7,3636,1],[65984.6,4288,1],[65984.5,4150,1],[65984.4,4120,1],[65984.3,3588,1],[65984.2,4162,1],[65984.1,4170,1],[65984,3993,2],[65983.9,4401,1]],"asks":[[65986.1,20489,7],[65987.7,1517,1],[65988.3,3936,1],[65988.6,4249,1],[65988.7,5048,1],[65988.8,5047,1],[65988.9,13117,2],[65989,3986,2],[65989.1,6338,2],[65989.2,4264,1],[65989.3,4799,1],[65989.4,4271,1],[65989.5,4270,1],[65989.6,4189,1],[65989.7,4016,1],[65989.8,4588,1],[65989.9,4543,1],[65990,4692,1],[65990.1,5071,1],[65990.2,4105,1]]},{"timestamp":1770943441189,"version":32425294030,"bids":[[65973.2,10747,2],[65973.1,7478,2],[65973,9069,2],[65972.9,3772,1],[65972.8,4042,1],[65972.7,4385,1],[65972.6,4633,1],[65972.5,3607,1],[65972.4,4189,2],[65972.3,104991,2],[65972.2,3876,1],[65972.1,3833,1],[65972,4557,2],[65971.9,3728,1],[65971.8,4322,1],[65971.7,3942,1],[65971.6,4397,2],[65971.5,3730,1],[65971.3,1,1],[65971.2,5,1]],"asks":[[65973.3,19224,6],[65973.4,3697,1],[65973.5,4624,1],[65973.6,3539,1],[65973.7,4656,1],[65973.8,4666,1],[65973.9,4421,1],[65974,4284,1],[65974.1,104709,2],[65974.5,4376,1],[65974.6,3724,1],[65974.7,4375,1],[65974.8,3657,1],[65974.9,3586,1],[65975,3934,1],[65975.1,4598,1],[65975.2,3781,1],[65975.3,4445,1],[65975.4,5289,2],[65975.5,4042,1]]},{"timestamp":1770943444050,"version":32425295770,"bids":[[65966.4,24,1],[65965.5,28,1],[65962.7,6,1],[65962.2,5,1],[65960,15727,7],[65959.9,8512,2],[65959.8,8196,2],[65959.7,4283,1],[65959.6,3698,1],[65959.5,4633,1],[65959.4,4430,2],[65959.3,3920,1],[65959.1,100876,1],[65958.9,3531,1],[65958.8,4151,1],[65958.7,4015,1],[65958.6,3829,1],[65958.5,3509,1],[65958.4,3598,1],[65958.3,4081,1]],"asks":[[65966.5,19590,8],[65966.6,2521,1],[65966.7,2434,1],[65966.8,2882,1],[65966.9,2499,1],[65967.1,17623,5],[65967.3,2623,1],[65967.4,2809,1],[65967.5,2815,1],[65967.6,2493,1],[65967.7,2914,1],[65967.8,2496,1],[65967.9,3065,1],[65968,2751,1],[65968.1,2323,1],[65968.2,2995,1],[65968.3,3001,1],[65968.4,2867,1],[65968.8,4149,2],[65968.9,2635,1]]},{"timestamp":1770943446237,"version":32425298605,"bids":[[65956.3,17841,3],[65956.2,3636,1],[65956.1,4209,1],[65956,4001,1],[65955.9,4628,1],[65955.8,6002,2],[65955.7,3859,1],[65955.6,4255,1],[65955.5,3718,1],[65955.4,105063,2],[65955.3,4464,1],[65955.2,4602,1],[65955.1,4297,1],[65955,3817,1],[65954.9,4121,1],[65954.8,3899,1],[65954.7,3591,1],[65954.6,3984,1],[65954.5,4364,1],[65954.4,5835,2]],"asks":[[65956.4,10034,2],[65956.5,3636,1],[65956.6,4209,1],[65956.7,4001,1],[65956.8,4628,1],[65956.9,4485,1],[65957,3859,1],[65957.1,4255,1],[65957.2,104599,2],[65957.3,4182,1],[65957.4,4464,1],[65957.5,4602,1],[65957.6,4297,1],[65957.7,3817,1],[65957.8,4121,1],[65957.9,3899,1],[65958,3591,1],[65958.1,3984,1],[65958.2,4364,1],[65958.3,4318,1]]},{"timestamp":1770943448379,"version":32425301155,"bids":[[65956.2,19630,5],[65956.1,20781,3],[65956,7461,4],[65955.9,4428,1],[65955.8,4282,1],[65955.7,4644,1],[65955.6,4839,1],[65955.5,4608,1],[65955.4,4713,1],[65955.3,4158,1],[65955.2,5076,1],[65955.1,3837,1],[65955,4568,1],[65954.9,4663,1],[65954.8,6406,2],[65954.7,4797,1],[65954.6,4261,1],[65954.5,3791,1],[65954.4,4235,1],[65954.3,3791,1]],"asks":[[65956.3,601,2],[65960,14641,2],[65960.1,8194,2],[65960.2,8415,2],[65960.3,4685,1],[65960.4,4535,1],[65960.5,3654,1],[65960.6,3874,1],[65960.7,3511,1],[65960.8,104914,2],[65960.9,4203,1],[65961,3917,1],[65961.1,4548,1],[65961.2,4401,1],[65961.3,3573,1],[65961.7,4009,1],[65961.8,3850,1],[65961.9,3647,1],[65962,3814,1],[65962.1,4283,1]]},{"timestamp":1770943450793,"version":32425303010,"bids":[[65959.2,10263,2],[65958.8,9196,1],[65958.6,11104,1],[65958.5,4043,1],[65958.4,4612,1],[65958.3,4219,1],[65958.2,3855,1],[65958.1,4696,1],[65958,3588,1],[65957.9,3951,1],[65957.8,3548,1],[65957.7,105051,2],[65957.6,4049,1],[65957.5,4070,1],[65957.4,3577,1],[65957.3,4308,1],[65957.2,4325,1],[65957.1,3813,1],[65957,3691,1],[65956.9,3880,1]],"asks":[[65959.3,1066,1],[65959.4,3951,1],[65959.5,104426,2],[65959.6,4173,1],[65959.7,4049,1],[65959.8,4070,1],[65959.9,3577,1],[65960,4308,1],[65960.1,4325,1],[65960.2,3813,1],[65960.3,3691,1],[65960.4,3880,1],[65960.5,3808,1],[65960.6,3915,1],[65960.7,3769,1],[65960.8,4410,1],[65960.9,4262,1],[65961,4459,1],[65961.1,3505,1],[65961.2,8770,2]]},{"timestamp":1770943452515,"version":32425303995,"bids":[[65954,9404,1],[65953.9,4595,1],[65953.8,3546,1],[65953.7,4440,1],[65953.6,3952,1],[65953.5,3880,1],[65953.4,4118,1],[65953.3,3945,1],[65953.2,4015,1],[65953.1,104801,2],[65953,3904,1],[65952.9,3889,1],[65952.8,4578,1],[65952.7,3942,1],[65952.6,4697,1],[65952.5,4527,1],[65952.4,4453,1],[65952.3,4580,1],[65952.2,3755,1],[65952.1,4647,1]],"asks":[[65954.1,17159,7],[65954.2,8729,1],[65955.4,5234,2],[65955.5,4697,1],[65955.6,4527,1],[65955.7,4453,1],[65955.8,4580,1],[65955.9,3755,1],[65956,4663,2],[65956.1,4050,1],[65956.2,4013,1],[65956.3,3668,1],[65956.4,3939,1],[65956.5,3840,1],[65956.6,8489,2],[65956.7,8883,2],[65956.8,8586,2],[65956.9,7827,2],[65957,8008,2],[65957.1,5002,1]]},{"timestamp":1770943455082,"version":32425304610,"bids":[[65954,1947,1],[65953.9,4527,1],[65953.8,4297,1],[65953.7,3904,1],[65953.6,4047,1],[65953.5,4524,1],[65953.4,3736,1],[65953.3,3733,1],[65953.2,4615,1],[65953.1,105429,2],[65953,4009,1],[65952.9,4014,1],[65952.8,3711,1],[65952.7,3546,1],[65952.6,4588,1],[65952.5,4655,1],[65952.4,4377,1],[65952.3,3715,1],[65952.2,4179,1],[65952.1,4357,1]],"asks":[[65954.1,10119,6],[65954.2,4527,1],[65954.3,4297,1],[65954.4,3904,1],[65954.5,4047,1],[65954.6,4524,1],[65954.7,3736,1],[65954.8,3733,1],[65954.9,105500,2],[65955,4544,1],[65955.1,5526,2],[65955.2,4014,1],[65955.3,3711,1],[65955.4,3546,1],[65955.5,4588,1],[65955.6,4655,1],[65955.7,4377,1],[65955.8,3715,1],[65955.9,4179,1],[65956,4357,1]]},{"timestamp":1770943457287,"version":32425305615,"bids":[[65954,18477,5],[65953.9,12605,2],[65953.8,4025,1],[65953.7,4403,1],[65953.6,4578,1],[65953.5,4397,1],[65953.4,5051,1],[65953.3,3777,1],[65953.2,4891,1],[65952.8,4579,1],[65952.7,5065,1],[65952.6,4357,1],[65952.5,6039,2],[65952.4,3929,1],[65952.3,4146,1],[65952.2,4789,1],[65952.1,4707,1],[65952,27449,2],[65951.9,4826,1],[65951.8,4914,1]],"asks":[[65954.1,26,1],[65958,12435,2],[65958.1,8351,2],[65958.2,8574,2],[65958.3,4006,1],[65958.4,3638,1],[65958.6,1517,1],[65958.8,104466,2],[65958.9,4008,1],[65959,4342,1],[65959.1,3817,1],[65959.2,4099,1],[65959.3,3833,2],[65959.4,3667,1],[65959.5,3651,1],[65959.6,3507,1],[65959.7,3830,1],[65959.8,4257,1],[65959.9,4485,1],[65960,3606,1]]},{"timestamp":1770943459587,"version":32425308730,"bids":[[65979.9,19476,3],[65979.8,10847,2],[65979.7,3691,1],[65979.6,4622,1],[65979.5,3672,1],[65979.4,105438,2],[65979.3,4110,1],[65979.2,3987,1],[65979.1,4411,1],[65979,4127,1],[65978.9,3995,1],[65978.8,3613,1],[65978.7,4023,1],[65978.6,3668,1],[65978.5,4491,1],[65978.4,3775,1],[65978.3,4069,1],[65978.2,3974,1],[65978.1,4229,1],[65978,4084,1]],"asks":[[65980,6,2],[65980.4,9911,1],[65980.5,3778,1],[65980.6,4563,1],[65980.7,3664,1],[65980.8,3630,1],[65980.9,5121,2],[65981,3691,1],[65981.1,4622,1],[65981.2,104517,2],[65981.3,4593,1],[65981.4,4110,1],[65981.5,3987,1],[65981.6,4411,1],[65981.7,4127,1],[65981.8,3995,1],[65981.9,3613,1],[65982,4023,1],[65982.1,3668,1],[65982.2,4491,1]]},{"timestamp":1770943461760,"version":32425313505,"bids":[[65974.9,24252,3],[65974.8,16827,3],[65974.7,8840,2],[65974.6,4575,1],[65974.2,4656,1],[65974.1,3858,1],[65974,105094,2],[65973.9,4513,1],[65973.8,4454,1],[65973.7,4627,1],[65973.6,4194,1],[65973.5,4321,1],[65973.4,4019,1],[65973.3,4421,1],[65973.2,4463,1],[65973.1,4596,1],[65973,3952,1],[65972.9,3788,1],[65972.8,4578,1],[65972.7,4114,1]],"asks":[[65975,1611,1],[65975.1,4030,1],[65975.2,4414,1],[65975.3,3844,1],[65975.4,3933,1],[65975.5,3833,1],[65975.6,3589,1],[65975.7,4656,1],[65975.8,104711,2],[65975.9,5758,2],[65976,4513,1],[65976.1,4454,1],[65976.2,4627,1],[65976.3,4194,1],[65976.4,4321,1],[65976.5,4019,1],[65976.6,4421,1],[65976.7,4463,1],[65976.8,4596,1],[65976.9,3952,1]]},{"timestamp":1770943464207,"version":32425315105,"bids":[[65981.1,8987,2],[65981,4680,1],[65980.9,4690,1],[65980.8,3705,1],[65980.7,4584,1],[65980.6,4703,1],[65980.5,4635,1],[65980.4,4193,1],[65980.3,4360,1],[65980.2,104557,2],[65980.1,4691,1],[65980,4655,1],[65979.6,3911,1],[65979.5,3965,1],[65979.4,4691,1],[65979.3,3930,1],[65979.2,4647,1],[65979.1,4704,1],[65979,4065,1],[65978.9,3618,1]],"asks":[[65981.2,5075,2],[65981.3,8508,2],[65981.4,8413,2],[65981.5,4194,1],[65981.6,4115,1],[65981.7,3673,1],[65981.8,3957,1],[65981.9,4130,1],[65982,105537,2],[65982.1,4631,1],[65982.2,4437,1],[65982.3,3976,1],[65982.4,4026,1],[65982.5,4704,1],[65982.6,6182,2],[65982.7,4478,1],[65983,4544,1],[65983.1,3639,1],[65983.2,3520,1],[65983.3,4356,1]]},{"timestamp":1770943466124,"version":32425315505,"bids":[[65981.1,9363,1],[65981,4381,1],[65980.9,4629,1],[65980.8,4357,1],[65980.7,4522,1],[65980.6,3710,1],[65980.5,3530,1],[65980.4,4359,1],[65980.3,4214,1],[65980.2,104706,2],[65980.1,3726,1],[65980,3562,1],[65979.9,4218,1],[65979.8,4663,1],[65979.7,3917,1],[65979.6,4509,1],[65979.5,3573,1],[65979.4,4047,1],[65979.3,4693,1],[65979.2,4254,1]],"asks":[[65981.2,10494,2],[65981.3,4381,1],[65981.4,4629,1],[65981.5,4357,1],[65981.6,4522,1],[65981.7,3710,1],[65981.8,3530,1],[65981.9,4359,1],[65982,105057,2],[65982.1,3863,1],[65982.2,3726,1],[65982.3,3562,1],[65982.4,4218,1],[65982.5,4663,1],[65982.6,5434,2],[65982.7,4509,1],[65982.8,3573,1],[65982.9,4047,1],[65983,4693,1],[65983.1,4254,1]]},{"timestamp":1770943468460,"version":32425317065,"bids":[[65960,6,2],[65959.3,476,1],[65958.2,3798,1],[65958.1,3961,1],[65958,4660,1],[65957.9,4392,1],[65957.8,4380,1],[65957.7,3624,1],[65957.6,3766,1],[65957.5,4606,1],[65957.4,4598,1],[65957.3,3818,1],[65957.2,4017,1],[65957.1,4640,1],[65957,4018,1],[65956.9,4228,1],[65956.8,4518,1],[65956.7,3680,1],[65956.6,3646,1],[65956.5,4291,1]],"asks":[[65960.1,4018,1],[65960.2,4228,1],[65960.3,4518,1],[65960.4,3680,1],[65960.5,3646,1],[65960.6,4291,1],[65960.7,4132,1],[65960.8,4617,1],[65960.9,4430,1],[65961,3571,1],[65961.1,8550,2],[65961.2,7582,2],[65961.3,9368,2],[65961.4,8797,2],[65961.5,8568,2],[65961.6,5045,1],[65961.7,5025,1],[65961.8,4593,1],[65961.9,4252,1],[65962,4603,1]]},{"timestamp":1770943470912,"version":32425318656,"bids":[[65954,12935,2],[65953.9,8500,2],[65953.8,7492,2],[65953.7,4598,1],[65953.3,4351,1],[65953.2,4175,1],[65953.1,105018,2],[65953,4292,1],[65952.9,4477,1],[65952.8,3738,1],[65952.7,3909,1],[65952.6,4345,1],[65952.5,3832,1],[65952.4,4160,1],[65952.3,4466,1],[65952.2,4227,1],[65952.1,4527,1],[65952,3894,1],[65951.9,4314,1],[65951.8,4168,1]],"asks":[[65954.1,11593,3],[65954.2,4049,1],[65954.3,3591,1],[65954.4,3851,1],[65954.5,4685,1],[65954.6,4317,1],[65954.7,5804,2],[65954.8,4351,1],[65954.9,105060,2],[65955,4133,1],[65955.1,4292,1],[65955.2,4477,1],[65955.3,3738,1],[65955.4,3909,1],[65955.5,4345,1],[65955.6,3832,1],[65955.7,4160,1],[65955.8,4466,1],[65955.9,4227,1],[65956,4527,1]]},{"timestamp":1770943474949,"version":32425319900,"bids":[[65957.4,2466,3],[65956.7,100879,1],[65954.7,3504,1],[65953.8,4733,1],[65953.7,4348,1],[65953.6,4286,1],[65953.5,5060,1],[65953.4,5050,1],[65953.3,4930,1],[65953.2,4676,1],[65953.1,4988,1],[65953,4445,1],[65952.9,4411,1],[65952.8,3815,1],[65952.7,4951,1],[65952.6,4218,1],[65952.5,4509,1],[65952.4,4992,1],[65952.3,4192,1],[65952.2,4801,1]],"asks":[[65957.5,1517,1],[65957.7,10270,1],[65957.8,4039,1],[65957.9,3506,1],[65958,4623,1],[65958.1,4183,1],[65958.2,3689,1],[65958.3,4385,1],[65958.4,4094,1],[65958.5,104802,2],[65958.6,4064,1],[65958.7,4335,1],[65958.8,4591,1],[65958.9,6032,2],[65959,4092,1],[65959.1,4190,1],[65959.2,3908,1],[65959.3,4315,1],[65959.4,3740,1],[65959.5,3594,1]]},{"timestamp":1770943477642,"version":32425321835,"bids":[[65961,10411,1],[65960.9,8249,2],[65960.8,7917,2],[65960.7,4169,1],[65960.6,4662,1],[65960.5,4568,1],[65960.4,4408,1],[65960.3,3977,1],[65960.2,3613,1],[65960.1,105517,2],[65960,3792,1],[65959.9,4584,1],[65959.8,3847,1],[65959.7,4607,1],[65959.6,3616,1],[65959.5,4056,1],[65959.4,4261,1],[65959.3,4318,1],[65959.2,4312,1],[65959.1,3949,1]],"asks":[[65961.1,25970,4],[65961.2,11745,2],[65961.3,4051,1],[65961.6,4282,1],[65961.7,5383,2],[65961.8,4169,1],[65961.9,105536,2],[65962,4568,1],[65962.1,4408,1],[65962.2,3977,1],[65962.3,3612,1],[65962.4,4643,1],[65962.5,3792,1],[65962.6,4584,1],[65962.7,3847,1],[65962.8,4607,1],[65962.9,3616,1],[65963,4056,1],[65963.1,5794,3],[65963.2,4318,1]]},{"timestamp":1770943480059,"version":32425322215,"bids":[[65961,10844,1],[65960.9,4258,1],[65960.8,3974,1],[65960.7,4280,1],[65960.6,3614,1],[65960.5,4238,1],[65960.4,4120,1],[65960.3,4205,1],[65960.2,4170,1],[65960.1,107212,3],[65960,4273,1],[65959.9,4337,1],[65959.8,3572,1],[65959.7,4379,1],[65959.6,3732,1],[65959.5,3705,1],[65959.4,4658,1],[65959.3,4079,1],[65959.2,3760,1],[65959.1,4690,1]],"asks":[[65961.1,26144,5],[65961.2,11861,2],[65961.3,3974,1],[65961.4,4280,1],[65961.5,3614,1],[65961.6,4238,1],[65961.7,5637,2],[65961.8,4205,1],[65961.9,105044,2],[65962,4133,1],[65962.1,4273,1],[65962.2,4337,1],[65962.3,3572,1],[65962.4,4379,1],[65962.5,3732,1],[65962.6,3705,1],[65962.7,4658,1],[65962.8,4079,1],[65962.9,3760,1],[65963,4690,1]]},{"timestamp":1770943482080,"version":32425323090,"bids":[[65961,10118,1],[65960.9,3672,1],[65960.8,4593,1],[65960.7,3901,1],[65960.6,3481,1],[65960.5,3662,1],[65960.4,3854,1],[65960.3,3993,1],[65960.2,4065,1],[65960.1,106762,3],[65960,4156,1],[65959.9,3733,1],[65959.8,3959,1],[65959.7,3721,1],[65959.6,3511,1],[65959.5,4527,1],[65959.4,3971,1],[65959.3,4508,1],[65959.2,4276,1],[65959.1,4324,1]],"asks":[[65961.1,25421,5],[65961.2,11275,2],[65961.3,4593,1],[65961.4,3901,1],[65961.5,3481,1],[65961.6,3662,1],[65961.7,5371,2],[65961.8,3993,1],[65961.9,104939,2],[65962,3683,1],[65962.1,4156,1],[65962.2,3733,1],[65962.3,3959,1],[65962.4,3721,1],[65962.5,3511,1],[65962.6,4527,1],[65962.7,3971,1],[65962.8,4508,1],[65962.9,4276,1],[65963,4324,1]]},{"timestamp":1770943484233,"version":32425324185,"bids":[[65960.4,45184,1],[65960.3,3,1],[65960.1,2205,1],[65957.6,10413,1],[65957.5,3921,1],[65957.4,3940,1],[65957.3,4007,1],[65957.2,4384,1],[65957.1,3682,1],[65957,3978,1],[65956.9,4570,1],[65956.8,3849,1],[65956.7,105223,2],[65956.6,4241,1],[65956.5,3742,1],[65956.4,4359,1],[65956.3,4315,1],[65956.2,3598,1],[65956.1,4328,1],[65956,4637,1]],"asks":[[65960.5,22842,9],[65960.6,20264,3],[65960.9,3908,1],[65961,4843,1],[65961.1,3844,1],[65961.2,4622,1],[65961.3,4089,1],[65961.4,4785,1],[65961.5,3812,1],[65961.6,4523,1],[65961.7,5401,2],[65961.8,4785,1],[65961.9,4093,1],[65962,4450,1],[65962.1,4460,1],[65962.2,4294,1],[65962.3,4708,1],[65962.4,3854,1],[65962.5,3881,1],[65962.6,3984,1]]},{"timestamp":1770943486690,"version":32425324495,"bids":[[65960.5,1751,2],[65960.4,45184,1],[65960.3,3,1],[65960.1,2205,1],[65957.6,9652,1],[65957.5,4664,1],[65957.4,3721,1],[65957.3,4269,1],[65957.2,4539,1],[65957.1,3719,1],[65957,3725,1],[65956.9,4143,1],[65956.8,3615,1],[65956.7,104463,2],[65956.6,4187,1],[65956.5,3688,1],[65956.4,4647,1],[65956.3,3756,1],[65956.2,6173,2],[65956.1,3518,1]],"asks":[[65960.6,3600,1],[65960.7,4446,1],[65960.9,3908,1],[65961,4843,1],[65961.1,3844,1],[65961.2,4622,1],[65961.3,4089,1],[65961.4,4785,1],[65961.5,3812,1],[65961.6,4523,1],[65961.7,5401,2],[65961.8,4785,1],[65961.9,4093,1],[65962,4450,1],[65962.1,4460,1],[65962.2,4294,1],[65962.3,4708,1],[65962.4,3854,1],[65962.5,3881,1],[65962.6,3984,1]]},{"timestamp":1770943488809,"version":32425326208,"bids":[[65960.4,45142,1],[65960.3,3,1],[65960.1,2205,1],[65957.6,11312,1],[65957.5,4389,1],[65957.4,4077,1],[65957.3,4481,1],[65957.2,3876,1],[65957.1,3580,1],[65957,3570,1],[65956.9,3756,1],[65956.8,4350,1],[65956.7,104834,2],[65956.6,4116,1],[65956.5,4491,1],[65956.4,4165,1],[65956.3,3947,1],[65956.2,3866,1],[65956.1,4615,1],[65956,4579,1]],"asks":[[65960.5,22682,12],[65960.6,9145,2],[65960.8,7816,2],[65961,4215,1],[65961.1,4946,1],[65961.5,5050,1],[65961.6,4127,1],[65961.7,4956,1],[65961.8,4113,1],[65961.9,6430,2],[65962,4687,1],[65962.1,4519,1],[65962.2,4770,1],[65962.3,4549,1],[65962.4,4969,1],[65962.8,4816,1],[65962.9,4029,1],[65963,5022,1],[65963.1,4681,1],[65963.2,4804,1]]},{"timestamp":1770943491098,"version":32425330080,"bids":[[65937.1,2,1],[65935,2,1],[65931.8,1,1],[65931.5,1,1],[65931.4,10566,1],[65931.3,4260,1],[65931.2,7957,3],[65931.1,3483,1],[65931,3866,1],[65930.9,4227,1],[65930.8,4108,1],[65930.7,4665,1],[65930.6,3580,1],[65930.5,105502,2],[65930.4,4232,1],[65930.3,3506,1],[65930.2,3924,1],[65930.1,1,1],[65930,4444,1],[65929.9,4439,1]],"asks":[[65937.2,32188,3],[65938,2363,1],[65938.1,3055,1],[65938.2,2838,1],[65938.3,2737,1],[65938.4,2869,1],[65938.5,3014,1],[65938.6,4543,2],[65938.7,2966,1],[65938.8,2925,1],[65938.9,2457,1],[65939,2979,1],[65939.1,3116,1],[65939.2,3067,1],[65939.3,2686,1],[65939.4,2495,1],[65939.5,2540,1],[65939.7,8083,1],[65939.8,61,1],[65940.1,3043,2]]},{"timestamp":1770943493043,"version":32425331990,"bids":[[65939.9,13818,3],[65939.8,20331,3],[65939.7,3562,1],[65939.3,4590,1],[65939.2,3914,1],[65939.1,4045,1],[65939,104682,2],[65938.9,5761,2],[65938.8,4475,1],[65938.7,3936,1],[65938.6,3491,1],[65938.5,4016,1],[65938.4,4642,1],[65938.3,3963,1],[65938.2,4647,1],[65938.1,4080,1],[65938,4055,1],[65937.9,3720,1],[65937.8,4627,1],[65937.7,3488,1]],"asks":[[65940,15449,2],[65940.1,8409,2],[65940.2,7607,2],[65940.3,3776,1],[65940.4,4244,1],[65940.5,4475,1],[65940.6,3936,1],[65940.7,3491,1],[65940.8,104922,2],[65940.9,4642,1],[65941,3963,1],[65941.1,4647,1],[65941.2,4080,1],[65941.3,4055,1],[65941.4,3720,1],[65941.5,4627,1],[65941.6,3488,1],[65941.7,4627,1],[65941.8,3997,1],[65941.9,4356,1]]},{"timestamp":1770943495411,"version":32425333690,"bids":[[65936.9,8844,1],[65936.8,3482,1],[65936.7,3541,1],[65936.6,3893,1],[65936.5,3921,1],[65936.4,3949,1],[65936.3,4263,1],[65936.2,4295,1],[65936.1,4228,1],[65936,104849,2],[65935.9,4386,1],[65935.8,3884,1],[65935.7,4518,1],[65935.6,3589,1],[65935.5,4084,1],[65935.4,3585,1],[65935.3,4455,1],[65935.2,3777,1],[65935.1,3923,1],[65935,4005,1]],"asks":[[65937,19987,6],[65937.1,3482,1],[65937.2,3541,1],[65937.3,3893,1],[65937.4,3921,1],[65937.5,3949,1],[65937.6,4263,1],[65937.7,4295,1],[65937.8,105139,2],[65937.9,3938,1],[65938,4386,1],[65938.1,3884,1],[65938.2,4518,1],[65938.3,3589,1],[65938.4,4084,1],[65938.5,3585,1],[65938.6,4455,1],[65938.7,3777,1],[65938.8,3923,1],[65938.9,4005,1]]}]}},"trades":[{"p":66050.2,"v":40,"T":2,"O":3,"M":2,"t":1770943372757,"i":"13364322746"},{"p":66050.2,"v":1,"T":2,"O":3,"M":2,"t":1770943372190,"i":"13364322654"},{"p":66050.2,"v":5,"T":2,"O":3,"M":1,"t":1770943372078,"i":"13364322631"},{"p":66050.2,"v":2,"T":2,"O":3,"M":1,"t":1770943372078,"i":"13364322630"},{"p":66050.2,"v":3,"T":2,"O":3,"M":1,"t":1770943372078,"i":"13364322629"},{"p":66050.3,"v":7,"T":1,"O":3,"M":1,"t":1770943371077,"i":"13364322524"},{"p":66050.2,"v":2,"T":2,"O":3,"M":1,"t":1770943370078,"i":"13364322419"},{"p":66050.2,"v":4,"T":2,"O":3,"M":1,"t":1770943370076,"i":"13364322418"},{"p":66050.3,"v":1946,"T":1,"O":3,"M":2,"t":1770943369770,"i":"13364322407"},{"p":66050.2,"v":3857,"T":1,"O":3,"M":2,"t":1770943369770,"i":"13364322406"},{"p":66050.1,"v":4197,"T":1,"O":3,"M":2,"t":1770943369770,"i":"13364322405"},{"p":66050.1,"v":4,"T":1,"O":1,"M":2,"t":1770943369504,"i":"13364322373"},{"p":66050,"v":100,"T":2,"O":3,"M":2,"t":1770943369450,"i":"13364322372"},{"p":66050.1,"v":11,"T":1,"O":1,"M":2,"t":1770943369197,"i":"13364322338"},{"p":66050,"v":11,"T":2,"O":3,"M":1,"t":1770943369076,"i":"13364322308"},{"p":66050.1,"v":31,"T":1,"O":1,"M":2,"t":1770943368491,"i":"13364322268"},{"p":66050.1,"v":4,"T":1,"O":1,"M":2,"t":1770943368458,"i":"13364322262"},{"p":66050,"v":749,"T":2,"O":3,"M":2,"t":1770943368418,"i":"13364322260"},{"p":66050,"v":120,"T":2,"O":1,"M":2,"t":1770943368403,"i":"13364322259"},{"p":66050,"v":2,"T":2,"O":3,"M":1,"t":1770943368078,"i":"13364322199"},{"p":66050,"v":6,"T":2,"O":3,"M":1,"t":1770943368078,"i":"13364322198"},{"p":66050.1,"v":4,"T":1,"O":3,"M":1,"t":1770943367576,"i":"13364322163"},{"p":66050,"v":3,"T":2,"O":3,"M":1,"t":1770943367077,"i":"13364322102"},{"p":66050,"v":4,"T":2,"O":3,"M":1,"t":1770943367077,"i":"13364322101"},{"p":66050.1,"v":4,"T":1,"O":1,"M":2,"t":1770943366128,"i":"13364322013"},{"p":66050,"v":9,"T":2,"O":3,"M":1,"t":1770943366075,"i":"13364322009"},{"p":66050,"v":105,"T":2,"O":1,"M":2,"t":1770943366075,"i":"13364322008"},{"p":66050.1,"v":1,"T":1,"O":1,"M":2,"t":1770943365483,"i":"13364321954"},{"p":66050,"v":20,"T":2,"O":3,"M":2,"t":1770943365421,"i":"13364321953"},{"p":66050,"v":5,"T":2,"O":3,"M":1,"t":1770943365078,"i":"13364321892"},{"p":66050,"v":3,"T":2,"O":3,"M":1,"t":1770943365077,"i":"13364321891"},{"p":66050.1,"v":200,"T":1,"O":1,"M":2,"t":1770943364363,"i":"13364321855"},{"p":66050,"v":13,"T":2,"O":3,"M":1,"t":1770943364076,"i":"13364321799"},{"p":66050.1,"v":54,"T":1,"O":3,"M":2,"t":1770943363494,"i":"13364321752"},{"p":66050,"v":11,"T":2,"O":3,"M":1,"t":1770943363078,"i":"13364321685"},{"p":66050.1,"v":26,"T":1,"O":1,"M":2,"t":1770943362791,"i":"13364321682"},{"p":66050.1,"v":24,"T":1,"O":1,"M":2,"t":1770943362757,"i":"13364321681"},{"p":66050,"v":630,"T":2,"O":1,"M":2,"t":1770943362742,"i":"13364321680"},{"p":66050,"v":584,"T":2,"O":3,"M":2,"t":1770943362488,"i":"13364321638"},{"p":66053.3,"v":968,"T":2,"O":1,"M":2,"t":1770943362419,"i":"13364321636"},{"p":66053.3,"v":12,"T":2,"O":3,"M":1,"t":1770943362077,"i":"13364321577"},{"p":66053.4,"v":200,"T":1,"O":3,"M":2,"t":1770943361629,"i":"13364321559"},{"p":66053.3,"v":22,"T":2,"O":1,"M":2,"t":1770943361179,"i":"13364321496"},{"p":66053.4,"v":500,"T":1,"O":1,"M":2,"t":1770943361145,"i":"13364321490"},{"p":66053.4,"v":5,"T":1,"O":3,"M":1,"t":1770943361076,"i":"13364321470"},{"p":66053.4,"v":4,"T":1,"O":3,"M":1,"t":1770943361076,"i":"13364321469"},{"p":66053.3,"v":10,"T":2,"O":1,"M":2,"t":1770943360564,"i":"13364321435"},{"p":66053.4,"v":28,"T":1,"O":1,"M":2,"t":1770943360499,"i":"13364321432"},{"p":66053.4,"v":7,"T":1,"O":1,"M":2,"t":1770943360467,"i":"13364321431"},{"p":66053.3,"v":10,"T":2,"O":3,"M":1,"t":1770943360076,"i":"13364321371"},{"p":66053.4,"v":545,"T":1,"O":1,"M":2,"t":1770943359617,"i":"13364321352"},{"p":66053.4,"v":29,"T":1,"O":1,"M":2,"t":1770943359315,"i":"13364321327"},{"p":66053.3,"v":2,"T":1,"O":3,"M":1,"t":1770943359080,"i":"13364321273"},{"p":66064.8,"v":12,"T":2,"O":3,"M":1,"t":1770943358077,"i":"13364321146"},{"p":66064.9,"v":4892,"T":1,"O":3,"M":2,"t":1770943357173,"i":"13364321032"},{"p":66064.9,"v":9461,"T":1,"O":2,"M":2,"t":1770943357173,"i":"13364321031"},{"p":66064.8,"v":10,"T":2,"O":3,"M":1,"t":1770943357076,"i":"13364321018"},{"p":66065,"v":1000,"T":2,"O":3,"M":2,"t":1770943356179,"i":"13364320907"},{"p":66065.1,"v":80,"T":1,"O":1,"M":2,"t":1770943356165,"i":"13364320905"},{"p":66065.1,"v":4,"T":1,"O":1,"M":2,"t":1770943356039,"i":"13364320868"},{"p":66065.1,"v":529,"T":1,"O":3,"M":2,"t":1770943355480,"i":"13364320826"},{"p":66065.1,"v":4,"T":1,"O":3,"M":1,"t":1770943355078,"i":"13364320732"},{"p":66065,"v":250,"T":2,"O":1,"M":2,"t":1770943354408,"i":"13364320681"},{"p":66065.1,"v":11,"T":1,"O":3,"M":1,"t":1770943354076,"i":"13364320632"},{"p":66065,"v":1654,"T":2,"O":1,"M":2,"t":1770943353795,"i":"13364320614"},{"p":66065.1,"v":10721,"T":2,"O":3,"M":2,"t":1770943353795,"i":"13364320613"},{"p":66065.1,"v":3585,"T":2,"O":1,"M":2,"t":1770943353795,"i":"13364320612"},{"p":66065.1,"v":16,"T":2,"O":1,"M":2,"t":1770943353624,"i":"13364320598"},{"p":66067.5,"v":10796,"T":2,"O":1,"M":2,"t":1770943353174,"i":"13364320543"},{"p":66067.5,"v":3557,"T":2,"O":1,"M":2,"t":1770943353174,"i":"13364320542"},{"p":66067.4,"v":1,"T":2,"O":3,"M":1,"t":1770943353077,"i":"13364320524"},{"p":66067.6,"v":64,"T":1,"O":1,"M":2,"t":1770943353000,"i":"13364320518"},{"p":66067.4,"v":7,"T":2,"O":3,"M":1,"t":1770943352078,"i":"13364320364"},{"p":66065.6,"v":206,"T":2,"O":1,"M":2,"t":1770943351863,"i":"13364320332"},{"p":66069.2,"v":13,"T":1,"O":1,"M":2,"t":1770943351362,"i":"13364320278"},{"p":66065.9,"v":54,"T":2,"O":1,"M":2,"t":1770943351263,"i":"13364320222"},{"p":66069.2,"v":3607,"T":1,"O":3,"M":2,"t":1770943351194,"i":"13364320199"},{"p":66069.1,"v":4346,"T":1,"O":3,"M":2,"t":1770943351194,"i":"13364320198"},{"p":66069,"v":3491,"T":1,"O":3,"M":2,"t":1770943351194,"i":"13364320197"},{"p":66068.9,"v":4211,"T":1,"O":3,"M":2,"t":1770943351194,"i":"13364320196"},{"p":66068.9,"v":1517,"T":1,"O":3,"M":2,"t":1770943351194,"i":"13364320195"},{"p":66068.8,"v":4640,"T":1,"O":3,"M":2,"t":1770943351194,"i":"13364320194"},{"p":66068.7,"v":4559,"T":1,"O":2,"M":2,"t":1770943351194,"i":"13364320193"},{"p":66068.6,"v":3827,"T":1,"O":2,"M":2,"t":1770943351194,"i":"13364320192"},{"p":66068.6,"v":1,"T":1,"O":2,"M":2,"t":1770943351194,"i":"13364320191"},{"p":66068.6,"v":49,"T":1,"O":3,"M":2,"t":1770943351194,"i":"13364320190"},{"p":66068.5,"v":8629,"T":1,"O":2,"M":2,"t":1770943351194,"i":"13364320189"},{"p":66068.5,"v":6748,"T":1,"O":3,"M":2,"t":1770943351194,"i":"13364320188"},{"p":66067.4,"v":1517,"T":1,"O":3,"M":2,"t":1770943351194,"i":"13364320187"},{"p":66066,"v":1517,"T":1,"O":3,"M":2,"t":1770943351194,"i":"13364320186"},{"p":66065.9,"v":11,"T":2,"O":3,"M":1,"t":1770943351078,"i":"13364320162"},{"p":66063.8,"v":1702,"T":1,"O":1,"M":2,"t":1770943350889,"i":"13364320157"},{"p":66063.8,"v":294,"T":1,"O":1,"M":2,"t":1770943350771,"i":"13364320155"},{"p":66063.8,"v":54,"T":1,"O":1,"M":2,"t":1770943350610,"i":"13364320152"},{"p":66063.8,"v":7,"T":1,"O":3,"M":1,"t":1770943350077,"i":"13364320073"},{"p":66063.8,"v":6,"T":1,"O":3,"M":1,"t":1770943350076,"i":"13364320072"},{"p":66060.8,"v":332,"T":2,"O":3,"M":2,"t":1770943349728,"i":"13364320051"},{"p":66060.8,"v":30,"T":2,"O":3,"M":2,"t":1770943349222,"i":"13364319998"},{"p":66060.8,"v":10,"T":2,"O":3,"M":1,"t":1770943349077,"i":"13364319955"},{"p":66059.5,"v":13,"T":2,"O":3,"M":1,"t":1770943348079,"i":"13364319851"}],"klines":{"1m":[{"ts":"2026-02-12T20:43:00Z","o":65594.5,"h":65597.6,"l":65528.0,"c":65529.9,"v":191650.0},{"ts":"2026-02-12T20:44:00Z","o":65529.9,"h":65543.1,"l":65461.5,"c":65517.6,"v":458503.0},{"ts":"2026-02-12T20:45:00Z","o":65517.6,"h":65563.7,"l":65508.8,"c":65542.6,"v":464905.0},{"ts":"2026-02-12T20:46:00Z","o":65542.6,"h":65544.6,"l":65423.0,"c":65452.7,"v":360645.0},{"ts":"2026-02-12T20:47:00Z","o":65452.7,"h":65452.8,"l":65358.6,"c":65360.0,"v":815522.0},{"ts":"2026-02-12T20:48:00Z","o":65360.0,"h":65401.0,"l":65308.8,"c":65330.7,"v":602063.0},{"ts":"2026-02-12T20:49:00Z","o":65330.7,"h":65381.5,"l":65326.9,"c":65360.1,"v":459234.0},{"ts":"2026-02-12T20:50:00Z","o":65360.1,"h":65363.4,"l":65281.0,"c":65310.3,"v":712197.0},{"ts":"2026-02-12T20:51:00Z","o":65310.3,"h":65312.9,"l":65207.1,"c":65217.2,"v":995035.0},{"ts":"2026-02-12T20:52:00Z","o":65217.2,"h":65369.8,"l":65184.4,"c":65324.9,"v":1167410.0},{"ts":"2026-02-12T20:53:00Z","o":65324.9,"h":65407.5,"l":65316.5,"c":65397.4,"v":570406.0},{"ts":"2026-02-12T20:54:00Z","o":65397.4,"h":65439.9,"l":65377.2,"c":65383.7,"v":425554.0},{"ts":"2026-02-12T20:55:00Z","o":65383.7,"h":65444.0,"l":65383.6,"c":65443.8,"v":300050.0},{"ts":"2026-02-12T20:56:00Z","o":65443.8,"h":65443.8,"l":65338.8,"c":65375.2,"v":432742.0},{"ts":"2026-02-12T20:57:00Z","o":65375.2,"h":65436.6,"l":65375.2,"c":65413.0,"v":287210.0},{"ts":"2026-02-12T20:58:00Z","o":65413.0,"h":65426.7,"l":65370.7,"c":65375.5,"v":117551.0},{"ts":"2026-02-12T20:59:00Z","o":65375.5,"h":65431.0,"l":65354.5,"c":65395.2,"v":358514.0},{"ts":"2026-02-12T21:00:00Z","o":65395.2,"h":65487.1,"l":65395.2,"c":65441.0,"v":441916.0},{"ts":"2026-02-12T21:01:00Z","o":65441.0,"h":65499.5,"l":65411.2,"c":65467.4,"v":574882.0},{"ts":"2026-02-12T21:02:00Z","o":65467.4,"h":65552.1,"l":65462.6,"c":65527.4,"v":473409.0},{"ts":"2026-02-12T21:03:00Z","o":65527.4,"h":65580.1,"l":65527.4,"c":65572.3,"v":465230.0},{"ts":"2026-02-12T21:04:00Z","o":65572.3,"h":65628.8,"l":65565.3,"c":65610.6,"v":647246.0},{"ts":"2026-02-12T21:05:00Z","o":65610.6,"h":65614.4,"l":65534.3,"c":65534.8,"v":624019.0},{"ts":"2026-02-12T21:06:00Z","o":65534.8,"h":65574.8,"l":65510.1,"c":65528.1,"v":359643.0},{"ts":"2026-02-12T21:07:00Z","o":65528.1,"h":65560.4,"l":65511.4,"c":65535.4,"v":210911.0},{"ts":"2026-02-12T21:08:00Z","o":65535.4,"h":65586.2,"l":65522.2,"c":65586.1,"v":197051.0},{"ts":"2026-02-12T21:09:00Z","o":65586.1,"h":65613.2,"l":65560.4,"c":65587.8,"v":194258.0},{"ts":"2026-02-12T21:10:00Z","o":65587.8,"h":65598.5,"l":65551.2,"c":65574.4,"v":165823.0},{"ts":"2026-02-12T21:11:00Z","o":65574.4,"h":65617.9,"l":65574.3,"c":65617.9,"v":264019.0},{"ts":"2026-02-12T21:12:00Z","o":65617.9,"h":65643.3,"l":65614.9,"c":65629.6,"v":327032.0},{"ts":"2026-02-12T21:13:00Z","o":65629.6,"h":65639.0,"l":65614.7,"c":65637.0,"v":137954.0},{"ts":"2026-02-12T21:14:00Z","o":65637.0,"h":65642.8,"l":65624.6,"c":65640.2,"v":174873.0},{"ts":"2026-02-12T21:15:00Z","o":65640.2,"h":65661.9,"l":65635.2,"c":65657.0,"v":267087.0},{"ts":"2026-02-12T21:16:00Z","o":65657.0,"h":65657.1,"l":65604.5,"c":65620.1,"v":185126.0},{"ts":"2026-02-12T21:17:00Z","o":65620.1,"h":65627.9,"l":65594.4,"c":65612.7,"v":192561.0},{"ts":"2026-02-12T21:18:00Z","o":65612.7,"h":65739.8,"l":65612.6,"c":65729.3,"v":519700.0},{"ts":"2026-02-12T21:19:00Z","o":65729.3,"h":65762.0,"l":65701.2,"c":65752.0,"v":526806.0},{"ts":"2026-02-12T21:20:00Z","o":65752.0,"h":65767.7,"l":65740.3,"c":65754.0,"v":319174.0},{"ts":"2026-02-12T21:21:00Z","o":65754.0,"h":65770.0,"l":65592.1,"c":65597.8,"v":697860.0},{"ts":"2026-02-12T21:22:00Z","o":65597.8,"h":65598.9,"l":65487.5,"c":65493.4,"v":962019.0},{"ts":"2026-02-12T21:23:00Z","o":65493.4,"h":65531.3,"l":65460.5,"c":65499.9,"v":580435.0},{"ts":"2026-02-12T21:24:00Z","o":65499.9,"h":65515.4,"l":65445.0,"c":65489.9,"v":338538.0},{"ts":"2026-02-12T21:25:00Z","o":65489.9,"h":65528.3,"l":65477.8,"c":65513.7,"v":468817.0},{"ts":"2026-02-12T21:26:00Z","o":65513.7,"h":65515.7,"l":65471.9,"c":65515.5,"v":128482.0},{"ts":"2026-02-12T21:27:00Z","o":65515.5,"h":65519.0,"l":65499.2,"c":65517.6,"v":139053.0},{"ts":"2026-02-12T21:28:00Z","o":65517.6,"h":65527.2,"l":65501.7,"c":65523.7,"v":203045.0},{"ts":"2026-02-12T21:29:00Z","o":65523.7,"h":65575.7,"l":65523.7,"c":65575.7,"v":294783.0},{"ts":"2026-02-12T21:30:00Z","o":65575.7,"h":65611.1,"l":65565.0,"c":65597.5,"v":578986.0},{"ts":"2026-02-12T21:31:00Z","o":65597.5,"h":65597.7,"l":65565.0,"c":65566.8,"v":324764.0},{"ts":"2026-02-12T21:32:00Z","o":65566.8,"h":65615.8,"l":65550.1,"c":65615.8,"v":222036.0},{"ts":"2026-02-12T21:33:00Z","o":65615.8,"h":65680.1,"l":65615.7,"c":65680.0,"v":360914.0},{"ts":"2026-02-12T21:34:00Z","o":65680.0,"h":65731.4,"l":65673.3,"c":65730.2,"v":498863.0},{"ts":"2026-02-12T21:35:00Z","o":65730.2,"h":65769.4,"l":65717.1,"c":65721.8,"v":404762.0},{"ts":"2026-02-12T21:36:00Z","o":65721.8,"h":65809.8,"l":65721.8,"c":65794.9,"v":621958.0},{"ts":"2026-02-12T21:37:00Z","o":65794.9,"h":65819.5,"l":65741.8,"c":65746.7,"v":332543.0},{"ts":"2026-02-12T21:38:00Z","o":65746.7,"h":65787.3,"l":65738.7,"c":65752.4,"v":236241.0},{"ts":"2026-02-12T21:39:00Z","o":65752.4,"h":65785.7,"l":65720.4,"c":65755.0,"v":225656.0},{"ts":"2026-02-12T21:40:00Z","o":65755.0,"h":65765.0,"l":65685.4,"c":65765.0,"v":250413.0},{"ts":"2026-02-12T21:41:00Z","o":65765.0,"h":65767.6,"l":65750.4,"c":65760.8,"v":140371.0},{"ts":"2026-02-12T21:42:00Z","o":65760.8,"h":65814.8,"l":65756.8,"c":65798.8,"v":329394.0},{"ts":"2026-02-12T21:43:00Z","o":65798.8,"h":65798.8,"l":65777.2,"c":65783.1,"v":239592.0},{"ts":"2026-02-12T21:44:00Z","o":65783.1,"h":65801.1,"l":65777.7,"c":65788.5,"v":99719.0},{"ts":"2026-02-12T21:45:00Z","o":65788.5,"h":65798.2,"l":65772.0,"c":65772.0,"v":199645.0},{"ts":"2026-02-12T21:46:00Z","o":65772.0,"h":65784.2,"l":65738.0,"c":65750.3,"v":324038.0},{"ts":"2026-02-12T21:47:00Z","o":65750.3,"h":65762.9,"l":65719.3,"c":65752.0,"v":196817.0},{"ts":"2026-02-12T21:48:00Z","o":65752.0,"h":65800.0,"l":65751.9,"c":65796.1,"v":107662.0},{"ts":"2026-02-12T21:49:00Z","o":65796.1,"h":65796.2,"l":65706.4,"c":65739.9,"v":172032.0},{"ts":"2026-02-12T21:50:00Z","o":65739.9,"h":65815.6,"l":65739.9,"c":65815.5,"v":183794.0},{"ts":"2026-02-12T21:51:00Z","o":65815.5,"h":65847.0,"l":65815.4,"c":65838.1,"v":451837.0},{"ts":"2026-02-12T21:52:00Z","o":65838.1,"h":65838.1,"l":65798.4,"c":65814.8,"v":201795.0},{"ts":"2026-02-12T21:53:00Z","o":65814.8,"h":65848.0,"l":65814.8,"c":65822.1,"v":118623.0},{"ts":"2026-02-12T21:54:00Z","o":65822.1,"h":65873.3,"l":65819.0,"c":65853.5,"v":181565.0},{"ts":"2026-02-12T21:55:00Z","o":65853.5,"h":65855.6,"l":65825.0,"c":65825.7,"v":126387.0},{"ts":"2026-02-12T21:56:00Z","o":65825.7,"h":65825.7,"l":65796.8,"c":65800.3,"v":111479.0},{"ts":"2026-02-12T21:57:00Z","o":65800.3,"h":65800.4,"l":65748.9,"c":65749.0,"v":189871.0},{"ts":"2026-02-12T21:58:00Z","o":65749.0,"h":65776.8,"l":65730.1,"c":65776.8,"v":155678.0},{"ts":"2026-02-12T21:59:00Z","o":65776.8,"h":65821.3,"l":65776.6,"c":65816.8,"v":89574.0},{"ts":"2026-02-12T22:00:00Z","o":65816.8,"h":65820.0,"l":65758.2,"c":65766.3,"v":206887.0},{"ts":"2026-02-12T22:01:00Z","o":65766.3,"h":65810.4,"l":65749.8,"c":65794.1,"v":290996.0},{"ts":"2026-02-12T22:02:00Z","o":65794.1,"h":65794.1,"l":65769.8,"c":65792.7,"v":102175.0},{"ts":"2026-02-12T22:03:00Z","o":65792.7,"h":65822.4,"l":65787.5,"c":65811.3,"v":142560.0},{"ts":"2026-02-12T22:04:00Z","o":65811.3,"h":65853.2,"l":65803.3,"c":65853.2,"v":171834.0},{"ts":"2026-02-12T22:05:00Z","o":65853.2,"h":65853.2,"l":65806.5,"c":65811.9,"v":118235.0},{"ts":"2026-02-12T22:06:00Z","o":65811.9,"h":65812.9,"l":65768.1,"c":65785.8,"v":195584.0},{"ts":"2026-02-12T22:07:00Z","o":65785.8,"h":65785.9,"l":65733.8,"c":65734.0,"v":221329.0},{"ts":"2026-02-12T22:08:00Z","o":65734.0,"h":65780.3,"l":65717.9,"c":65780.3,"v":338535.0},{"ts":"2026-02-12T22:09:00Z","o":65780.3,"h":65816.0,"l":65769.4,"c":65781.3,"v":249513.0},{"ts":"2026-02-12T22:10:00Z","o":65781.3,"h":65807.8,"l":65771.6,"c":65787.0,"v":433449.0},{"ts":"2026-02-12T22:11:00Z","o":65787.0,"h":65861.6,"l":65786.9,"c":65857.5,"v":211894.0},{"ts":"2026-02-12T22:12:00Z","o":65857.5,"h":65857.5,"l":65775.0,"c":65780.4,"v":269741.0},{"ts":"2026-02-12T22:13:00Z","o":65780.4,"h":65780.5,"l":65715.0,"c":65728.1,"v":347682.0},{"ts":"2026-02-12T22:14:00Z","o":65728.1,"h":65796.0,"l":65727.8,"c":65788.9,"v":122658.0},{"ts":"2026-02-12T22:15:00Z","o":65788.9,"h":65791.4,"l":65743.1,"c":65744.5,"v":114043.0},{"ts":"2026-02-12T22:16:00Z","o":65744.5,"h":65744.5,"l":65721.9,"c":65725.3,"v":213335.0},{"ts":"2026-02-12T22:17:00Z","o":65725.3,"h":65725.3,"l":65656.5,"c":65660.3,"v":781463.0},{"ts":"2026-02-12T22:18:00Z","o":65660.3,"h":65697.9,"l":65650.0,"c":65675.4,"v":166662.0},{"ts":"2026-02-12T22:19:00Z","o":65675.4,"h":65701.5,"l":65666.6,"c":65700.0,"v":160937.0},{"ts":"2026-02-12T22:20:00Z","o":65700.0,"h":65709.9,"l":65679.0,"c":65682.3,"v":198037.0},{"ts":"2026-02-12T22:21:00Z","o":65682.3,"h":65682.3,"l":65615.0,"c":65621.6,"v":284422.0},{"ts":"2026-02-12T22:22:00Z","o":65621.6,"h":65671.8,"l":65615.1,"c":65671.7,"v":161734.0},{"ts":"2026-02-12T22:23:00Z","o":65671.7,"h":65705.4,"l":65667.0,"c":65704.2,"v":306666.0},{"ts":"2026-02-12T22:24:00Z","o":65704.2,"h":65820.8,"l":65701.0,"c":65820.7,"v":453066.0},{"ts":"2026-02-12T22:25:00Z","o":65820.7,"h":65820.8,"l":65755.7,"c":65755.9,"v":332054.0},{"ts":"2026-02-12T22:26:00Z","o":65755.9,"h":65757.1,"l":65731.2,"c":65747.0,"v":196777.0},{"ts":"2026-02-12T22:27:00Z","o":65747.0,"h":65838.5,"l":65746.9,"c":65835.6,"v":148584.0},{"ts":"2026-02-12T22:28:00Z","o":65835.6,"h":65913.8,"l":65835.5,"c":65885.4,"v":672451.0},{"ts":"2026-02-12T22:29:00Z","o":65885.4,"h":65927.3,"l":65885.0,"c":65927.3,"v":269116.0},{"ts":"2026-02-12T22:30:00Z","o":65927.3,"h":65933.5,"l":65890.4,"c":65908.5,"v":254982.0},{"ts":"2026-02-12T22:31:00Z","o":65908.5,"h":65912.3,"l":65891.6,"c":65895.0,"v":149167.0},{"ts":"2026-02-12T22:32:00Z","o":65895.0,"h":65979.0,"l":65894.9,"c":65963.4,"v":311435.0},{"ts":"2026-02-12T22:33:00Z","o":65963.4,"h":65974.5,"l":65946.6,"c":65962.7,"v":196422.0},{"ts":"2026-02-12T22:34:00Z","o":65962.7,"h":65962.7,"l":65906.6,"c":65906.6,"v":189391.0},{"ts":"2026-02-12T22:35:00Z","o":65906.6,"h":65973.3,"l":65906.2,"c":65973.3,"v":276007.0},{"ts":"2026-02-12T22:36:00Z","o":65973.3,"h":66003.2,"l":65940.0,"c":66002.4,"v":387648.0},{"ts":"2026-02-12T22:37:00Z","o":66002.4,"h":66039.6,"l":65993.3,"c":65995.9,"v":321242.0},{"ts":"2026-02-12T22:38:00Z","o":65995.9,"h":65995.9,"l":65980.8,"c":65983.6,"v":124540.0},{"ts":"2026-02-12T22:39:00Z","o":65983.6,"h":65983.7,"l":65908.4,"c":65916.4,"v":272324.0},{"ts":"2026-02-12T22:40:00Z","o":65916.4,"h":65949.9,"l":65905.9,"c":65910.4,"v":286150.0},{"ts":"2026-02-12T22:41:00Z","o":65910.4,"h":65932.6,"l":65850.8,"c":65932.6,"v":392740.0},{"ts":"2026-02-12T22:42:00Z","o":65932.6,"h":65988.5,"l":65932.5,"c":65973.6,"v":447462.0},{"ts":"2026-02-12T22:43:00Z","o":65973.6,"h":66148.3,"l":65973.5,"c":66102.9,"v":671437.0},{"ts":"2026-02-12T22:44:00Z","o":66102.9,"h":66176.9,"l":66095.0,"c":66168.1,"v":1019634.0},{"ts":"2026-02-12T22:45:00Z","o":66168.1,"h":66206.7,"l":66168.0,"c":66200.0,"v":855476.0},{"ts":"2026-02-12T22:46:00Z","o":66200.0,"h":66255.0,"l":66169.8,"c":66245.2,"v":938301.0},{"ts":"2026-02-12T22:47:00Z","o":66245.2,"h":66380.0,"l":66243.3,"c":66361.0,"v":1087864.0},{"ts":"2026-02-12T22:48:00Z","o":66361.0,"h":66365.1,"l":66255.4,"c":66329.0,"v":530718.0},{"ts":"2026-02-12T22:49:00Z","o":66329.0,"h":66339.1,"l":66241.1,"c":66316.3,"v":587846.0},{"ts":"2026-02-12T22:50:00Z","o":66316.3,"h":66316.5,"l":66266.6,"c":66287.2,"v":210305.0},{"ts":"2026-02-12T22:51:00Z","o":66287.2,"h":66294.2,"l":66228.5,"c":66252.4,"v":217806.0},{"ts":"2026-02-12T22:52:00Z","o":66252.4,"h":66252.4,"l":66205.5,"c":66224.7,"v":303787.0},{"ts":"2026-02-12T22:53:00Z","o":66224.7,"h":66224.7,"l":66217.8,"c":66217.8,"v":139879.0},{"ts":"2026-02-12T22:54:00Z","o":66217.8,"h":66257.4,"l":66217.8,"c":66229.9,"v":246602.0},{"ts":"2026-02-12T22:55:00Z","o":66229.9,"h":66230.1,"l":66160.0,"c":66202.4,"v":429912.0},{"ts":"2026-02-12T22:56:00Z","o":66202.4,"h":66202.5,"l":66160.0,"c":66173.8,"v":184185.0},{"ts":"2026-02-12T22:57:00Z","o":66173.8,"h":66257.6,"l":66160.0,"c":66239.9,"v":228414.0},{"ts":"2026-02-12T22:58:00Z","o":66239.9,"h":66314.2,"l":66239.8,"c":66285.6,"v":438489.0},{"ts":"2026-02-12T22:59:00Z","o":66285.6,"h":66300.0,"l":66255.0,"c":66262.3,"v":275035.0},{"ts":"2026-02-12T23:00:00Z","o":66262.3,"h":66279.9,"l":66173.2,"c":66203.9,"v":455203.0},{"ts":"2026-02-12T23:01:00Z","o":66203.9,"h":66391.2,"l":66196.6,"c":66388.0,"v":486479.0},{"ts":"2026-02-12T23:02:00Z","o":66388.0,"h":66418.4,"l":66227.5,"c":66261.6,"v":870179.0},{"ts":"2026-02-12T23:03:00Z","o":66261.6,"h":66316.2,"l":66247.4,"c":66262.1,"v":191940.0},{"ts":"2026-02-12T23:04:00Z","o":66262.1,"h":66347.5,"l":66260.0,"c":66339.3,"v":363485.0},{"ts":"2026-02-12T23:05:00Z","o":66339.3,"h":66360.0,"l":66298.8,"c":66347.5,"v":346378.0},{"ts":"2026-02-12T23:06:00Z","o":66347.5,"h":66432.4,"l":66327.3,"c":66432.1,"v":583024.0},{"ts":"2026-02-12T23:07:00Z","o":66432.1,"h":66444.0,"l":66357.5,"c":66389.7,"v":654635.0},{"ts":"2026-02-12T23:08:00Z","o":66389.7,"h":66407.4,"l":66328.8,"c":66407.4,"v":299340.0},{"ts":"2026-02-12T23:09:00Z","o":66407.4,"h":66439.0,"l":66391.9,"c":66415.0,"v":412641.0},{"ts":"2026-02-12T23:10:00Z","o":66415.0,"h":66419.9,"l":66292.9,"c":66294.4,"v":295113.0},{"ts":"2026-02-12T23:11:00Z","o":66294.4,"h":66300.0,"l":66250.5,"c":66264.0,"v":399204.0},{"ts":"2026-02-12T23:12:00Z","o":66264.0,"h":66271.4,"l":66224.3,"c":66250.3,"v":284791.0},{"ts":"2026-02-12T23:13:00Z","o":66250.3,"h":66266.8,"l":66245.6,"c":66256.0,"v":82449.0},{"ts":"2026-02-12T23:14:00Z","o":66256.0,"h":66287.9,"l":66222.0,"c":66286.0,"v":168728.0},{"ts":"2026-02-12T23:15:00Z","o":66286.0,"h":66286.0,"l":66232.5,"c":66272.8,"v":147477.0},{"ts":"2026-02-12T23:16:00Z","o":66272.8,"h":66320.8,"l":66272.8,"c":66313.1,"v":282091.0},{"ts":"2026-02-12T23:17:00Z","o":66313.1,"h":66341.8,"l":66302.0,"c":66325.0,"v":300711.0},{"ts":"2026-02-12T23:18:00Z","o":66325.0,"h":66333.8,"l":66276.3,"c":66308.5,"v":175894.0},{"ts":"2026-02-12T23:19:00Z","o":66308.5,"h":66326.1,"l":66228.2,"c":66326.1,"v":308190.0},{"ts":"2026-02-12T23:20:00Z","o":66326.1,"h":66331.1,"l":66289.0,"c":66331.0,"v":160106.0},{"ts":"2026-02-12T23:21:00Z","o":66331.0,"h":66375.0,"l":66331.0,"c":66350.0,"v":174913.0},{"ts":"2026-02-12T23:22:00Z","o":66350.0,"h":66371.8,"l":66333.1,"c":66341.1,"v":135146.0},{"ts":"2026-02-12T23:23:00Z","o":66341.1,"h":66371.9,"l":66341.1,"c":66369.9,"v":83967.0},{"ts":"2026-02-12T23:24:00Z","o":66369.9,"h":66429.1,"l":66369.9,"c":66408.8,"v":231324.0},{"ts":"2026-02-12T23:25:00Z","o":66408.8,"h":66420.0,"l":66399.4,"c":66419.9,"v":149569.0},{"ts":"2026-02-12T23:26:00Z","o":66419.9,"h":66458.1,"l":66391.0,"c":66391.0,"v":302269.0},{"ts":"2026-02-12T23:27:00Z","o":66391.0,"h":66391.0,"l":66336.7,"c":66378.7,"v":228191.0},{"ts":"2026-02-12T23:28:00Z","o":66378.7,"h":66378.8,"l":66340.0,"c":66345.5,"v":97477.0},{"ts":"2026-02-12T23:29:00Z","o":66345.5,"h":66369.7,"l":66340.0,"c":66366.4,"v":228725.0},{"ts":"2026-02-12T23:30:00Z","o":66366.4,"h":66378.9,"l":66326.3,"c":66337.8,"v":159769.0},{"ts":"2026-02-12T23:31:00Z","o":66337.8,"h":66399.0,"l":66310.3,"c":66399.0,"v":218943.0},{"ts":"2026-02-12T23:32:00Z","o":66399.0,"h":66456.1,"l":66375.8,"c":66399.0,"v":247985.0},{"ts":"2026-02-12T23:33:00Z","o":66399.0,"h":66426.0,"l":66273.4,"c":66326.1,"v":233235.0},{"ts":"2026-02-12T23:34:00Z","o":66326.1,"h":66370.0,"l":66326.1,"c":66343.2,"v":384893.0},{"ts":"2026-02-12T23:35:00Z","o":66343.2,"h":66359.2,"l":66296.1,"c":66311.8,"v":266680.0},{"ts":"2026-02-12T23:36:00Z","o":66311.8,"h":66314.3,"l":66276.9,"c":66276.9,"v":162191.0},{"ts":"2026-02-12T23:37:00Z","o":66276.9,"h":66292.2,"l":66253.3,"c":66253.4,"v":298882.0},{"ts":"2026-02-12T23:38:00Z","o":66253.4,"h":66272.2,"l":66204.6,"c":66209.7,"v":437369.0},{"ts":"2026-02-12T23:39:00Z","o":66209.7,"h":66250.0,"l":66199.7,"c":66200.2,"v":190815.0},{"ts":"2026-02-12T23:40:00Z","o":66200.2,"h":66241.0,"l":66200.2,"c":66220.3,"v":287311.0},{"ts":"2026-02-12T23:41:00Z","o":66220.3,"h":66264.4,"l":66216.1,"c":66264.2,"v":328060.0},{"ts":"2026-02-12T23:42:00Z","o":66264.2,"h":66264.2,"l":66220.1,"c":66220.2,"v":165297.0},{"ts":"2026-02-12T23:43:00Z","o":66220.2,"h":66250.0,"l":66197.9,"c":66197.9,"v":167256.0},{"ts":"2026-02-12T23:44:00Z","o":66197.9,"h":66220.0,"l":66175.3,"c":66219.9,"v":293940.0},{"ts":"2026-02-12T23:45:00Z","o":66219.9,"h":66245.6,"l":66198.7,"c":66198.7,"v":81048.0},{"ts":"2026-02-12T23:46:00Z","o":66198.7,"h":66218.3,"l":66181.2,"c":66199.1,"v":449282.0},{"ts":"2026-02-12T23:47:00Z","o":66199.1,"h":66202.6,"l":66176.1,"c":66197.9,"v":297046.0},{"ts":"2026-02-12T23:48:00Z","o":66197.9,"h":66219.6,"l":66159.8,"c":66165.2,"v":210841.0},{"ts":"2026-02-12T23:49:00Z","o":66165.2,"h":66202.8,"l":66135.8,"c":66202.7,"v":233606.0},{"ts":"2026-02-12T23:50:00Z","o":66202.7,"h":66229.5,"l":66155.3,"c":66155.4,"v":108644.0},{"ts":"2026-02-12T23:51:00Z","o":66155.4,"h":66182.1,"l":66155.2,"c":66178.1,"v":61248.0},{"ts":"2026-02-12T23:52:00Z","o":66178.1,"h":66186.1,"l":66161.6,"c":66184.7,"v":81632.0},{"ts":"2026-02-12T23:53:00Z","o":66184.7,"h":66225.0,"l":66184.7,"c":66225.0,"v":119480.0},{"ts":"2026-02-12T23:54:00Z","o":66225.0,"h":66225.0,"l":66180.0,"c":66214.8,"v":161590.0},{"ts":"2026-02-12T23:55:00Z","o":66214.8,"h":66247.0,"l":66201.6,"c":66246.7,"v":121670.0},{"ts":"2026-02-12T23:56:00Z","o":66246.7,"h":66277.3,"l":66246.6,"c":66250.7,"v":411771.0},{"ts":"2026-02-12T23:57:00Z","o":66250.7,"h":66263.7,"l":66220.8,"c":66263.7,"v":555907.0},{"ts":"2026-02-12T23:58:00Z","o":66263.7,"h":66280.2,"l":66236.8,"c":66243.3,"v":102224.0},{"ts":"2026-02-12T23:59:00Z","o":66243.3,"h":66243.3,"l":66230.1,"c":66243.1,"v":100524.0},{"ts":"2026-02-13T00:00:00Z","o":66243.1,"h":66243.2,"l":66137.9,"c":66160.1,"v":425863.0},{"ts":"2026-02-13T00:01:00Z","o":66160.1,"h":66299.7,"l":66160.0,"c":66298.9,"v":660725.0},{"ts":"2026-02-13T00:02:00Z","o":66298.9,"h":66461.6,"l":66295.7,"c":66424.9,"v":897818.0},{"ts":"2026-02-13T00:03:00Z","o":66424.9,"h":66424.9,"l":66369.6,"c":66414.3,"v":323959.0},{"ts":"2026-02-13T00:04:00Z","o":66414.3,"h":66427.2,"l":66365.6,"c":66422.2,"v":285603.0},{"ts":"2026-02-13T00:05:00Z","o":66422.2,"h":66483.2,"l":66400.0,"c":66469.9,"v":411208.0},{"ts":"2026-02-13T00:06:00Z","o":66469.9,"h":66498.4,"l":66450.0,"c":66450.1,"v":402722.0},{"ts":"2026-02-13T00:07:00Z","o":66450.1,"h":66461.6,"l":66380.6,"c":66409.9,"v":446388.0},{"ts":"2026-02-13T00:08:00Z","o":66409.9,"h":66427.8,"l":66388.4,"c":66409.9,"v":187432.0},{"ts":"2026-02-13T00:09:00Z","o":66409.9,"h":66436.0,"l":66367.0,"c":66400.0,"v":261579.0},{"ts":"2026-02-13T00:10:00Z","o":66400.0,"h":66428.8,"l":66396.8,"c":66420.0,"v":86606.0},{"ts":"2026-02-13T00:11:00Z","o":66420.0,"h":66428.9,"l":66383.0,"c":66390.8,"v":109888.0},{"ts":"2026-02-13T00:12:00Z","o":66390.8,"h":66390.9,"l":66323.1,"c":66350.7,"v":318713.0},{"ts":"2026-02-13T00:13:00Z","o":66350.7,"h":66425.6,"l":66349.8,"c":66406.0,"v":468289.0},{"ts":"2026-02-13T00:14:00Z","o":66406.0,"h":66408.7,"l":66341.1,"c":66341.3,"v":474617.0},{"ts":"2026-02-13T00:15:00Z","o":66341.3,"h":66347.8,"l":66306.6,"c":66316.4,"v":170827.0},{"ts":"2026-02-13T00:16:00Z","o":66316.4,"h":66329.8,"l":66268.9,"c":66268.9,"v":255916.0},{"ts":"2026-02-13T00:17:00Z","o":66268.9,"h":66269.0,"l":66182.8,"c":66189.4,"v":469944.0},{"ts":"2026-02-13T00:18:00Z","o":66189.4,"h":66189.6,"l":66153.6,"c":66189.5,"v":586006.0},{"ts":"2026-02-13T00:19:00Z","o":66189.5,"h":66191.8,"l":66140.4,"c":66145.0,"v":383748.0},{"ts":"2026-02-13T00:20:00Z","o":66145.0,"h":66190.1,"l":66107.3,"c":66175.2,"v":474782.0},{"ts":"2026-02-13T00:21:00Z","o":66175.2,"h":66183.0,"l":66113.0,"c":66116.3,"v":225316.0},{"ts":"2026-02-13T00:22:00Z","o":66116.3,"h":66135.2,"l":66063.7,"c":66071.7,"v":709417.0},{"ts":"2026-02-13T00:23:00Z","o":66071.7,"h":66120.1,"l":66071.7,"c":66100.2,"v":446052.0},{"ts":"2026-02-13T00:24:00Z","o":66100.2,"h":66156.1,"l":66100.0,"c":66116.1,"v":345471.0},{"ts":"2026-02-13T00:25:00Z","o":66116.1,"h":66116.1,"l":66032.2,"c":66039.2,"v":528344.0},{"ts":"2026-02-13T00:26:00Z","o":66039.2,"h":66056.5,"l":66011.3,"c":66011.4,"v":289227.0},{"ts":"2026-02-13T00:27:00Z","o":66011.4,"h":66031.4,"l":66010.7,"c":66019.8,"v":226017.0},{"ts":"2026-02-13T00:28:00Z","o":66019.8,"h":66033.4,"l":66010.9,"c":66026.2,"v":220871.0},{"ts":"2026-02-13T00:29:00Z","o":66026.2,"h":66026.2,"l":65976.0,"c":66001.8,"v":620452.0},{"ts":"2026-02-13T00:30:00Z","o":66001.8,"h":66070.0,"l":66001.4,"c":66060.5,"v":2233198.0},{"ts":"2026-02-13T00:31:00Z","o":66060.5,"h":66077.9,"l":66043.7,"c":66059.4,"v":305961.0},{"ts":"2026-02-13T00:32:00Z","o":66059.4,"h":66070.9,"l":65970.4,"c":65970.4,"v":372444.0},{"ts":"2026-02-13T00:33:00Z","o":65970.4,"h":65986.1,"l":65891.9,"c":65891.9,"v":1103989.0},{"ts":"2026-02-13T00:34:00Z","o":65891.9,"h":65943.6,"l":65870.7,"c":65940.8,"v":393353.0},{"ts":"2026-02-13T00:35:00Z","o":65940.8,"h":65967.6,"l":65906.2,"c":65962.1,"v":255176.0},{"ts":"2026-02-13T00:36:00Z","o":65962.1,"h":65999.9,"l":65962.0,"c":65997.2,"v":573641.0},{"ts":"2026-02-13T00:37:00Z","o":65997.2,"h":66037.1,"l":65989.0,"c":66018.1,"v":505790.0},{"ts":"2026-02-13T00:38:00Z","o":66018.1,"h":66022.3,"l":65970.9,"c":65980.0,"v":189056.0},{"ts":"2026-02-13T00:39:00Z","o":65980.0,"h":66082.5,"l":65976.8,"c":66050.9,"v":315634.0},{"ts":"2026-02-13T00:40:00Z","o":66050.9,"h":66111.5,"l":66047.1,"c":66105.8,"v":423273.0},{"ts":"2026-02-13T00:41:00Z","o":66105.8,"h":66105.9,"l":66055.9,"c":66068.6,"v":281974.0},{"ts":"2026-02-13T00:42:00Z","o":66068.6,"h":66069.2,"l":66047.9,"c":66050.3,"v":153194.0}],"5m":[{"ts":"2026-02-12T14:45:00Z","o":67587.1,"h":67773.2,"l":67453.0,"c":67600.5,"v":6172487.0},{"ts":"2026-02-12T14:50:00Z","o":67600.5,"h":67968.3,"l":67584.4,"c":67951.0,"v":3536805.0},{"ts":"2026-02-12T14:55:00Z","o":67951.0,"h":67961.1,"l":67533.9,"c":67546.6,"v":2705572.0},{"ts":"2026-02-12T15:00:00Z","o":67546.6,"h":67782.5,"l":67234.3,"c":67268.5,"v":7091420.0},{"ts":"2026-02-12T15:05:00Z","o":67268.5,"h":67390.0,"l":67044.2,"c":67138.3,"v":9407598.0},{"ts":"2026-02-12T15:10:00Z","o":67138.3,"h":67421.0,"l":66968.2,"c":67382.1,"v":7444288.0},{"ts":"2026-02-12T15:15:00Z","o":67382.1,"h":67644.5,"l":67319.6,"c":67441.4,"v":7611661.0},{"ts":"2026-02-12T15:20:00Z","o":67441.4,"h":67927.1,"l":67441.4,"c":67779.6,"v":4938055.0},{"ts":"2026-02-12T15:25:00Z","o":67779.6,"h":67858.0,"l":67641.9,"c":67821.6,"v":3114687.0},{"ts":"2026-02-12T15:30:00Z","o":67821.6,"h":67971.2,"l":67573.3,"c":67617.5,"v":4674504.0},{"ts":"2026-02-12T15:35:00Z","o":67617.5,"h":67650.0,"l":67218.6,"c":67305.0,"v":5537524.0},{"ts":"2026-02-12T15:40:00Z","o":67305.0,"h":67450.0,"l":67214.5,"c":67371.8,"v":3091628.0},{"ts":"2026-02-12T15:45:00Z","o":67371.8,"h":67513.3,"l":67285.1,"c":67443.1,"v":2982669.0},{"ts":"2026-02-12T15:50:00Z","o":67443.1,"h":67485.0,"l":67111.0,"c":67111.0,"v":2989946.0},{"ts":"2026-02-12T15:55:00Z","o":67111.0,"h":67180.1,"l":67033.6,"c":67103.5,"v":3835806.0},{"ts":"2026-02-12T16:00:00Z","o":67103.5,"h":67211.1,"l":66939.7,"c":67180.0,"v":4604859.0},{"ts":"2026-02-12T16:05:00Z","o":67180.0,"h":67208.6,"l":66528.0,"c":66665.0,"v":10985066.0},{"ts":"2026-02-12T16:10:00Z","o":66665.0,"h":66840.2,"l":66460.7,"c":66522.8,"v":6572841.0},{"ts":"2026-02-12T16:15:00Z","o":66522.8,"h":66762.3,"l":66418.5,"c":66524.0,"v":4083176.0},{"ts":"2026-02-12T16:20:00Z","o":66524.0,"h":66606.2,"l":66171.6,"c":66268.4,"v":6542493.0},{"ts":"2026-02-12T16:25:00Z","o":66268.4,"h":66362.5,"l":65960.0,"c":66034.3,"v":5948752.0},{"ts":"2026-02-12T16:30:00Z","o":66034.3,"h":66163.4,"l":65907.4,"c":66150.0,"v":6230596.0},{"ts":"2026-02-12T16:35:00Z","o":66150.0,"h":66505.9,"l":66150.0,"c":66331.1,"v":6823358.0},{"ts":"2026-02-12T16:40:00Z","o":66331.1,"h":66510.4,"l":66226.8,"c":66243.1,"v":3620574.0},{"ts":"2026-02-12T16:45:00Z","o":66243.1,"h":66338.0,"l":65990.8,"c":66137.8,"v":3948603.0},{"ts":"2026-02-12T16:50:00Z","o":66137.8,"h":66187.4,"l":65522.2,"c":65599.7,"v":9069865.0},{"ts":"2026-02-12T16:55:00Z","o":65599.7,"h":65853.5,"l":65570.0,"c":65826.2,"v":3901435.0},{"ts":"2026-02-12T17:00:00Z","o":65826.2,"h":65965.0,"l":65666.0,"c":65843.1,"v":3755216.0},{"ts":"2026-02-12T17:05:00Z","o":65843.1,"h":65970.5,"l":65638.7,"c":65914.4,"v":2789225.0},{"ts":"2026-02-12T17:10:00Z","o":65914.4,"h":65920.9,"l":65530.0,"c":65710.7,"v":2969808.0},{"ts":"2026-02-12T17:15:00Z","o":65710.7,"h":65846.0,"l":65583.0,"c":65607.0,"v":2085156.0},{"ts":"2026-02-12T17:20:00Z","o":65607.0,"h":66060.6,"l":65607.0,"c":66060.6,"v":3286649.0},{"ts":"2026-02-12T17:25:00Z","o":66060.6,"h":66234.5,"l":65971.2,"c":66096.7,"v":3881433.0},{"ts":"2026-02-12T17:30:00Z","o":66096.7,"h":66110.9,"l":65815.8,"c":65922.8,"v":2670107.0},{"ts":"2026-02-12T17:35:00Z","o":65922.8,"h":66177.1,"l":65806.3,"c":65933.0,"v":2487922.0},{"ts":"2026-02-12T17:40:00Z","o":65933.0,"h":66026.5,"l":65881.3,"c":65951.2,"v":1216080.0},{"ts":"2026-02-12T17:45:00Z","o":65951.2,"h":66022.6,"l":65740.0,"c":65783.5,"v":1681656.0},{"ts":"2026-02-12T17:50:00Z","o":65783.5,"h":65895.0,"l":65542.4,"c":65576.6,"v":3720197.0},{"ts":"2026-02-12T17:55:00Z","o":65576.6,"h":65598.6,"l":65331.7,"c":65380.3,"v":6761041.0},{"ts":"2026-02-12T18:00:00Z","o":65380.3,"h":65633.0,"l":65344.2,"c":65600.7,"v":3301266.0},{"ts":"2026-02-12T18:05:00Z","o":65600.7,"h":65763.0,"l":65557.3,"c":65643.8,"v":2996334.0},{"ts":"2026-02-12T18:10:00Z","o":65643.8,"h":65726.3,"l":65564.8,"c":65664.8,"v":1180485.0},{"ts":"2026-02-12T18:15:00Z","o":65664.8,"h":65691.3,"l":65199.0,"c":65225.3,"v":4703108.0},{"ts":"2026-02-12T18:20:00Z","o":65225.3,"h":65473.8,"l":65216.2,"c":65380.4,"v":3657599.0},{"ts":"2026-02-12T18:25:00Z","o":65380.4,"h":65524.2,"l":65217.0,"c":65273.2,"v":2767804.0},{"ts":"2026-02-12T18:30:00Z","o":65273.2,"h":65321.9,"l":65081.1,"c":65239.2,"v":5194139.0},{"ts":"2026-02-12T18:35:00Z","o":65239.2,"h":65507.6,"l":65236.9,"c":65472.9,"v":2510685.0},{"ts":"2026-02-12T18:40:00Z","o":65472.9,"h":65472.9,"l":65353.7,"c":65404.8,"v":1096479.0},{"ts":"2026-02-12T18:45:00Z","o":65404.8,"h":65654.5,"l":65377.7,"c":65578.8,"v":3108843.0},{"ts":"2026-02-12T18:50:00Z","o":65578.8,"h":65659.6,"l":65509.1,"c":65580.5,"v":1852777.0},{"ts":"2026-02-12T18:55:00Z","o":65580.5,"h":65671.0,"l":65481.2,"c":65559.4,"v":1386173.0},{"ts":"2026-02-12T19:00:00Z","o":65559.4,"h":65720.0,"l":65476.3,"c":65493.5,"v":2108581.0},{"ts":"2026-02-12T19:05:00Z","o":65493.5,"h":65582.9,"l":65351.0,"c":65358.0,"v":1938739.0},{"ts":"2026-02-12T19:10:00Z","o":65358.0,"h":65467.7,"l":65235.5,"c":65416.8,"v":2486400.0},{"ts":"2026-02-12T19:15:00Z","o":65416.8,"h":65596.4,"l":65382.6,"c":65570.0,"v":2099137.0},{"ts":"2026-02-12T19:20:00Z","o":65570.0,"h":65932.7,"l":65550.5,"c":65905.4,"v":3622756.0},{"ts":"2026-02-12T19:25:00Z","o":65905.4,"h":65909.2,"l":65697.0,"c":65745.1,"v":1985103.0},{"ts":"2026-02-12T19:30:00Z","o":65745.1,"h":66015.9,"l":65728.4,"c":65851.7,"v":3122121.0},{"ts":"2026-02-12T19:35:00Z","o":65851.7,"h":66076.1,"l":65790.6,"c":65937.5,"v":2560280.0},{"ts":"2026-02-12T19:40:00Z","o":65937.5,"h":65987.7,"l":65871.8,"c":65948.6,"v":1618764.0},{"ts":"2026-02-12T19:45:00Z","o":65948.6,"h":66065.1,"l":65919.6,"c":66021.0,"v":2207499.0},{"ts":"2026-02-12T19:50:00Z","o":66021.0,"h":66088.0,"l":65839.1,"c":65862.2,"v":1699917.0},{"ts":"2026-02-12T19:55:00Z","o":65862.2,"h":65942.2,"l":65743.4,"c":65760.8,"v":1510553.0},{"ts":"2026-02-12T20:00:00Z","o":65760.8,"h":65924.4,"l":65706.8,"c":65909.9,"v":2081720.0},{"ts":"2026-02-12T20:05:00Z","o":65909.9,"h":66008.7,"l":65802.5,"c":65810.1,"v":1707480.0},{"ts":"2026-02-12T20:10:00Z","o":65810.1,"h":65810.1,"l":65576.2,"c":65677.7,"v":3238591.0},{"ts":"2026-02-12T20:15:00Z","o":65677.7,"h":65782.6,"l":65620.2,"c":65697.6,"v":1117186.0},{"ts":"2026-02-12T20:20:00Z","o":65697.6,"h":65697.6,"l":65531.2,"c":65580.0,"v":1460024.0},{"ts":"2026-02-12T20:25:00Z","o":65580.0,"h":65596.5,"l":65451.5,"c":65477.0,"v":1684503.0},{"ts":"2026-02-12T20:30:00Z","o":65477.0,"h":65557.0,"l":65370.0,"c":65472.5,"v":2530317.0},{"ts":"2026-02-12T20:35:00Z","o":65472.5,"h":65620.1,"l":65457.6,"c":65615.0,"v":1152039.0},{"ts":"2026-02-12T20:40:00Z","o":65615.0,"h":65655.9,"l":65461.5,"c":65517.6,"v":1441067.0},{"ts":"2026-02-12T20:45:00Z","o":65517.6,"h":65563.7,"l":65308.8,"c":65360.1,"v":2702369.0},{"ts":"2026-02-12T20:50:00Z","o":65360.1,"h":65439.9,"l":65184.4,"c":65383.7,"v":3870602.0},{"ts":"2026-02-12T20:55:00Z","o":65383.7,"h":65444.0,"l":65338.8,"c":65395.2,"v":1496067.0},{"ts":"2026-02-12T21:00:00Z","o":65395.2,"h":65628.8,"l":65395.2,"c":65610.6,"v":2602683.0},{"ts":"2026-02-12T21:05:00Z","o":65610.6,"h":65614.4,"l":65510.1,"c":65587.8,"v":1585882.0},{"ts":"2026-02-12T21:10:00Z","o":65587.8,"h":65643.3,"l":65551.2,"c":65640.2,"v":1069701.0},{"ts":"2026-02-12T21:15:00Z","o":65640.2,"h":65762.0,"l":65594.4,"c":65752.0,"v":1691280.0},{"ts":"2026-02-12T21:20:00Z","o":65752.0,"h":65770.0,"l":65445.0,"c":65489.9,"v":2898026.0},{"ts":"2026-02-12T21:25:00Z","o":65489.9,"h":65575.7,"l":65471.9,"c":65575.7,"v":1234180.0},{"ts":"2026-02-12T21:30:00Z","o":65575.7,"h":65731.4,"l":65550.1,"c":65730.2,"v":1985563.0},{"ts":"2026-02-12T21:35:00Z","o":65730.2,"h":65819.5,"l":65717.1,"c":65755.0,"v":1821160.0},{"ts":"2026-02-12T21:40:00Z","o":65755.0,"h":65814.8,"l":65685.4,"c":65788.5,"v":1059489.0},{"ts":"2026-02-12T21:45:00Z","o":65788.5,"h":65800.0,"l":65706.4,"c":65739.9,"v":1000194.0},{"ts":"2026-02-12T21:50:00Z","o":65739.9,"h":65873.3,"l":65739.9,"c":65853.5,"v":1137614.0},{"ts":"2026-02-12T21:55:00Z","o":65853.5,"h":65855.6,"l":65730.1,"c":65816.8,"v":672989.0},{"ts":"2026-02-12T22:00:00Z","o":65816.8,"h":65853.2,"l":65749.8,"c":65853.2,"v":914452.0},{"ts":"2026-02-12T22:05:00Z","o":65853.2,"h":65853.2,"l":65717.9,"c":65781.3,"v":1123196.0},{"ts":"2026-02-12T22:10:00Z","o":65781.3,"h":65861.6,"l":65715.0,"c":65788.9,"v":1385424.0},{"ts":"2026-02-12T22:15:00Z","o":65788.9,"h":65791.4,"l":65650.0,"c":65700.0,"v":1436440.0},{"ts":"2026-02-12T22:20:00Z","o":65700.0,"h":65820.8,"l":65615.0,"c":65820.7,"v":1403925.0},{"ts":"2026-02-12T22:25:00Z","o":65820.7,"h":65927.3,"l":65731.2,"c":65927.3,"v":1618982.0},{"ts":"2026-02-12T22:30:00Z","o":65927.3,"h":65979.0,"l":65890.4,"c":65906.6,"v":1101397.0},{"ts":"2026-02-12T22:35:00Z","o":65906.6,"h":66039.6,"l":65906.2,"c":65916.4,"v":1381761.0},{"ts":"2026-02-12T22:40:00Z","o":65916.4,"h":66176.9,"l":65850.8,"c":66168.1,"v":2817423.0},{"ts":"2026-02-12T22:45:00Z","o":66168.1,"h":66380.0,"l":66168.0,"c":66316.3,"v":4000205.0},{"ts":"2026-02-12T22:50:00Z","o":66316.3,"h":66316.5,"l":66205.5,"c":66229.9,"v":1118379.0},{"ts":"2026-02-12T22:55:00Z","o":66229.9,"h":66314.2,"l":66160.0,"c":66262.3,"v":1556035.0},{"ts":"2026-02-12T23:00:00Z","o":66262.3,"h":66418.4,"l":66173.2,"c":66339.3,"v":2367286.0},{"ts":"2026-02-12T23:05:00Z","o":66339.3,"h":66444.0,"l":66298.8,"c":66415.0,"v":2296018.0},{"ts":"2026-02-12T23:10:00Z","o":66415.0,"h":66419.9,"l":66222.0,"c":66286.0,"v":1230285.0},{"ts":"2026-02-12T23:15:00Z","o":66286.0,"h":66341.8,"l":66228.2,"c":66326.1,"v":1214363.0},{"ts":"2026-02-12T23:20:00Z","o":66326.1,"h":66429.1,"l":66289.0,"c":66408.8,"v":785456.0},{"ts":"2026-02-12T23:25:00Z","o":66408.8,"h":66458.1,"l":66336.7,"c":66366.4,"v":1006231.0},{"ts":"2026-02-12T23:30:00Z","o":66366.4,"h":66456.1,"l":66273.4,"c":66343.2,"v":1244825.0},{"ts":"2026-02-12T23:35:00Z","o":66343.2,"h":66359.2,"l":66199.7,"c":66200.2,"v":1355937.0},{"ts":"2026-02-12T23:40:00Z","o":66200.2,"h":66264.4,"l":66175.3,"c":66219.9,"v":1241864.0},{"ts":"2026-02-12T23:45:00Z","o":66219.9,"h":66245.6,"l":66135.8,"c":66202.7,"v":1271823.0},{"ts":"2026-02-12T23:50:00Z","o":66202.7,"h":66229.5,"l":66155.2,"c":66214.8,"v":532594.0},{"ts":"2026-02-12T23:55:00Z","o":66214.8,"h":66280.2,"l":66201.6,"c":66243.1,"v":1292096.0},{"ts":"2026-02-13T00:00:00Z","o":66243.1,"h":66461.6,"l":66137.9,"c":66422.2,"v":2593968.0},{"ts":"2026-02-13T00:05:00Z","o":66422.2,"h":66498.4,"l":66367.0,"c":66400.0,"v":1709329.0},{"ts":"2026-02-13T00:10:00Z","o":66400.0,"h":66428.9,"l":66323.1,"c":66341.3,"v":1458113.0},{"ts":"2026-02-13T00:15:00Z","o":66341.3,"h":66347.8,"l":66140.4,"c":66145.0,"v":1866441.0},{"ts":"2026-02-13T00:20:00Z","o":66145.0,"h":66190.1,"l":66063.7,"c":66116.1,"v":2201038.0},{"ts":"2026-02-13T00:25:00Z","o":66116.1,"h":66116.1,"l":65976.0,"c":66001.8,"v":1884911.0},{"ts":"2026-02-13T00:30:00Z","o":66001.8,"h":66077.9,"l":65870.7,"c":65940.8,"v":4408945.0},{"ts":"2026-02-13T00:35:00Z","o":65940.8,"h":66082.5,"l":65906.2,"c":66050.9,"v":1839297.0},{"ts":"2026-02-13T00:40:00Z","o":66050.9,"h":66111.5,"l":66047.1,"c":66050.2,"v":858452.0}],"15m":[{"ts":"2026-02-12T04:45:00Z","o":67206.5,"h":67251.1,"l":66962.1,"c":66989.9,"v":4113380.0},{"ts":"2026-02-12T05:00:00Z","o":66989.9,"h":67176.1,"l":66735.6,"c":66776.6,"v":6404874.0},{"ts":"2026-02-12T05:15:00Z","o":66776.6,"h":66956.1,"l":66640.0,"c":66850.0,"v":4305129.0},{"ts":"2026-02-12T05:30:00Z","o":66850.0,"h":67100.1,"l":66829.4,"c":67056.2,"v":2798916.0},{"ts":"2026-02-12T05:45:00Z","o":67056.2,"h":67134.3,"l":66969.2,"c":67104.6,"v":2691044.0},{"ts":"2026-02-12T06:00:00Z","o":67104.6,"h":67219.5,"l":66980.0,"c":67080.8,"v":2755685.0},{"ts":"2026-02-12T06:15:00Z","o":67080.8,"h":67328.5,"l":67053.8,"c":67260.3,"v":3809563.0},{"ts":"2026-02-12T06:30:00Z","o":67260.3,"h":67319.8,"l":67115.0,"c":67206.6,"v":3942283.0},{"ts":"2026-02-12T06:45:00Z","o":67206.6,"h":67275.5,"l":67050.0,"c":67096.2,"v":2884231.0},{"ts":"2026-02-12T07:00:00Z","o":67096.2,"h":67124.3,"l":66903.5,"c":66962.6,"v":4066288.0},{"ts":"2026-02-12T07:15:00Z","o":66962.6,"h":67296.8,"l":66923.2,"c":67195.2,"v":3410413.0},{"ts":"2026-02-12T07:30:00Z","o":67195.2,"h":67224.0,"l":67095.1,"c":67095.1,"v":2699902.0},{"ts":"2026-02-12T07:45:00Z","o":67095.1,"h":67203.4,"l":67059.4,"c":67181.5,"v":2985424.0},{"ts":"2026-02-12T08:00:00Z","o":67181.5,"h":67306.6,"l":67050.6,"c":67216.3,"v":4445829.0},{"ts":"2026-02-12T08:15:00Z","o":67216.3,"h":67216.3,"l":66859.5,"c":66896.2,"v":4978084.0},{"ts":"2026-02-12T08:30:00Z","o":66896.2,"h":67038.0,"l":66878.3,"c":66942.8,"v":3486811.0},{"ts":"2026-02-12T08:45:00Z","o":66942.8,"h":67127.9,"l":66942.7,"c":67107.3,"v":3081738.0},{"ts":"2026-02-12T09:00:00Z","o":67107.3,"h":67199.2,"l":67012.2,"c":67158.8,"v":4088064.0},{"ts":"2026-02-12T09:15:00Z","o":67158.8,"h":67293.4,"l":67131.5,"c":67263.0,"v":4725292.0},{"ts":"2026-02-12T09:30:00Z","o":67263.0,"h":67439.1,"l":67213.7,"c":67388.6,"v":4984841.0},{"ts":"2026-02-12T09:45:00Z","o":67388.6,"h":67680.0,"l":67320.0,"c":67517.7,"v":7166002.0},{"ts":"2026-02-12T10:00:00Z","o":67517.7,"h":67597.9,"l":67449.9,"c":67539.0,"v":3838384.0},{"ts":"2026-02-12T10:15:00Z","o":67539.0,"h":67582.3,"l":67381.8,"c":67580.9,"v":4156086.0},{"ts":"2026-02-12T10:30:00Z","o":67580.9,"h":67819.7,"l":67576.1,"c":67635.9,"v":6016760.0},{"ts":"2026-02-12T10:45:00Z","o":67635.9,"h":67994.4,"l":67621.7,"c":67978.0,"v":7579276.0},{"ts":"2026-02-12T11:00:00Z","o":67978.0,"h":68090.1,"l":67707.6,"c":67874.1,"v":9286041.0},{"ts":"2026-02-12T11:15:00Z","o":67874.1,"h":68228.4,"l":67799.4,"c":68170.3,"v":8425079.0},{"ts":"2026-02-12T11:30:00Z","o":68170.3,"h":68257.9,"l":67999.9,"c":68057.0,"v":5258584.0},{"ts":"2026-02-12T11:45:00Z","o":68057.0,"h":68139.6,"l":67970.8,"c":68035.3,"v":4477328.0},{"ts":"2026-02-12T12:00:00Z","o":68035.3,"h":68125.8,"l":67850.0,"c":67988.6,"v":6176667.0},{"ts":"2026-02-12T12:15:00Z","o":67988.6,"h":68005.0,"l":67823.4,"c":67948.7,"v":4842304.0},{"ts":"2026-02-12T12:30:00Z","o":67948.7,"h":67966.9,"l":67815.6,"c":67839.8,"v":2946010.0},{"ts":"2026-02-12T12:45:00Z","o":67839.8,"h":67913.2,"l":67684.8,"c":67832.5,"v":5666483.0},{"ts":"2026-02-12T13:00:00Z","o":67832.5,"h":67853.9,"l":67646.1,"c":67814.9,"v":4619173.0},{"ts":"2026-02-12T13:15:00Z","o":67814.9,"h":68033.5,"l":67649.4,"c":67733.2,"v":8047438.0},{"ts":"2026-02-12T13:30:00Z","o":67733.2,"h":68129.0,"l":67691.5,"c":68081.4,"v":8080911.0},{"ts":"2026-02-12T13:45:00Z","o":68081.4,"h":68366.6,"l":67937.5,"c":68340.0,"v":7113523.0},{"ts":"2026-02-12T14:00:00Z","o":68340.0,"h":68381.5,"l":67820.0,"c":67972.1,"v":9212879.0},{"ts":"2026-02-12T14:15:00Z","o":67972.1,"h":68047.0,"l":67837.0,"c":67963.0,"v":6948879.0},{"ts":"2026-02-12T14:30:00Z","o":67963.0,"h":68249.3,"l":67567.9,"c":67587.1,"v":18299824.0},{"ts":"2026-02-12T14:45:00Z","o":67587.1,"h":67968.3,"l":67453.0,"c":67546.6,"v":12414864.0},{"ts":"2026-02-12T15:00:00Z","o":67546.6,"h":67782.5,"l":66968.2,"c":67382.1,"v":23943306.0},{"ts":"2026-02-12T15:15:00Z","o":67382.1,"h":67927.1,"l":67319.6,"c":67821.6,"v":15664403.0},{"ts":"2026-02-12T15:30:00Z","o":67821.6,"h":67971.2,"l":67214.5,"c":67371.8,"v":13303656.0},{"ts":"2026-02-12T15:45:00Z","o":67371.8,"h":67513.3,"l":67033.6,"c":67103.5,"v":9808421.0},{"ts":"2026-02-12T16:00:00Z","o":67103.5,"h":67211.1,"l":66460.7,"c":66522.8,"v":22162766.0},{"ts":"2026-02-12T16:15:00Z","o":66522.8,"h":66762.3,"l":65960.0,"c":66034.3,"v":16574421.0},{"ts":"2026-02-12T16:30:00Z","o":66034.3,"h":66510.4,"l":65907.4,"c":66243.1,"v":16674528.0},{"ts":"2026-02-12T16:45:00Z","o":66243.1,"h":66338.0,"l":65522.2,"c":65826.2,"v":16919903.0},{"ts":"2026-02-12T17:00:00Z","o":65826.2,"h":65970.5,"l":65530.0,"c":65710.7,"v":9514249.0},{"ts":"2026-02-12T17:15:00Z","o":65710.7,"h":66234.5,"l":65583.0,"c":66096.7,"v":9253238.0},{"ts":"2026-02-12T17:30:00Z","o":66096.7,"h":66177.1,"l":65806.3,"c":65951.2,"v":6374109.0},{"ts":"2026-02-12T17:45:00Z","o":65951.2,"h":66022.6,"l":65331.7,"c":65380.3,"v":12162894.0},{"ts":"2026-02-12T18:00:00Z","o":65380.3,"h":65763.0,"l":65344.2,"c":65664.8,"v":7478085.0},{"ts":"2026-02-12T18:15:00Z","o":65664.8,"h":65691.3,"l":65199.0,"c":65273.2,"v":11128511.0},{"ts":"2026-02-12T18:30:00Z","o":65273.2,"h":65507.6,"l":65081.1,"c":65404.8,"v":8801303.0},{"ts":"2026-02-12T18:45:00Z","o":65404.8,"h":65671.0,"l":65377.7,"c":65559.4,"v":6347793.0},{"ts":"2026-02-12T19:00:00Z","o":65559.4,"h":65720.0,"l":65235.5,"c":65416.8,"v":6533720.0},{"ts":"2026-02-12T19:15:00Z","o":65416.8,"h":65932.7,"l":65382.6,"c":65745.1,"v":7706996.0},{"ts":"2026-02-12T19:30:00Z","o":65745.1,"h":66076.1,"l":65728.4,"c":65948.6,"v":7301165.0},{"ts":"2026-02-12T19:45:00Z","o":65948.6,"h":66088.0,"l":65743.4,"c":65760.8,"v":5417969.0},{"ts":"2026-02-12T20:00:00Z","o":65760.8,"h":66008.7,"l":65576.2,"c":65677.7,"v":7027791.0},{"ts":"2026-02-12T20:15:00Z","o":65677.7,"h":65782.6,"l":65451.5,"c":65477.0,"v":4261713.0},{"ts":"2026-02-12T20:30:00Z","o":65477.0,"h":65655.9,"l":65370.0,"c":65517.6,"v":5123423.0},{"ts":"2026-02-12T20:45:00Z","o":65517.6,"h":65563.7,"l":65184.4,"c":65395.2,"v":8069038.0},{"ts":"2026-02-12T21:00:00Z","o":65395.2,"h":65643.3,"l":65395.2,"c":65640.2,"v":5258266.0},{"ts":"2026-02-12T21:15:00Z","o":65640.2,"h":65770.0,"l":65445.0,"c":65575.7,"v":5823486.0},{"ts":"2026-02-12T21:30:00Z","o":65575.7,"h":65819.5,"l":65550.1,"c":65788.5,"v":4866212.0},{"ts":"2026-02-12T21:45:00Z","o":65788.5,"h":65873.3,"l":65706.4,"c":65816.8,"v":2810797.0},{"ts":"2026-02-12T22:00:00Z","o":65816.8,"h":65861.6,"l":65715.0,"c":65788.9,"v":3423072.0},{"ts":"2026-02-12T22:15:00Z","o":65788.9,"h":65927.3,"l":65615.0,"c":65927.3,"v":4459347.0},{"ts":"2026-02-12T22:30:00Z","o":65927.3,"h":66176.9,"l":65850.8,"c":66168.1,"v":5300581.0},{"ts":"2026-02-12T22:45:00Z","o":66168.1,"h":66380.0,"l":66160.0,"c":66262.3,"v":6674619.0},{"ts":"2026-02-12T23:00:00Z","o":66262.3,"h":66444.0,"l":66173.2,"c":66286.0,"v":5893589.0},{"ts":"2026-02-12T23:15:00Z","o":66286.0,"h":66458.1,"l":66228.2,"c":66366.4,"v":3006050.0},{"ts":"2026-02-12T23:30:00Z","o":66366.4,"h":66456.1,"l":66175.3,"c":66219.9,"v":3842626.0},{"ts":"2026-02-12T23:45:00Z","o":66219.9,"h":66280.2,"l":66135.8,"c":66243.1,"v":3096513.0},{"ts":"2026-02-13T00:00:00Z","o":66243.1,"h":66498.4,"l":66137.9,"c":66341.3,"v":5761410.0},{"ts":"2026-02-13T00:15:00Z","o":66341.3,"h":66347.8,"l":65976.0,"c":66001.8,"v":5952390.0},{"ts":"2026-02-13T00:30:00Z","o":66001.8,"h":66111.5,"l":65870.7,"c":66050.0,"v":7106701.0}]},"features":{"P_used":66050.0,"orderbook":{"topN":20,"bandPct":0.0015,"bidSumTopN":199263.0,"askSumTopN":104921.0,"bidAskRatioTopN":1.8991717577987248,"bestBid":66050.2,"bestAsk":66050.3,"spread":0.10000000000582077,"spreadBps":0.015140045421017528,"nearBand":{"bidCount":20,"askCount":20,"topBidWall":{"price":66047.9,"size":105356.0},"topAskWall":{"price":66051.6,"size":9016.0}}},"orderbookHistory":{"available":true,"bidWall":{"samples":23,"persistRate":0.2727272727272727,"churnRate":0.7272727272727273,"sizeCv":0.3167162179302861},"askWall":{"samples":23,"persistRate":0.13636363636363635,"churnRate":0.8636363636363636,"sizeCv":0.5211281864050589}},"trades":{"available":true,"buyVol":10370.0,"sellVol":3400.0,"buyCnt":15,"sellCnt":25,"buyVolRatio":0.7530864197530864,"sellVolRatio":0.24691358024691357,"maxTrade":{"price":66050.1,"vol":4197.0,"T":1}},"openInterest":{"available":true,"windowSamples":24,"oiStart":530425420.0,"oiEnd":530427273.0,"oiChange":1853.0,"oiChangePct":0.000349342231750507,"pxStart":66050.2,"pxEnd":66007.0,"pxChangePct":-0.06540479816866125,"leverageChaseFlag":false},"context":{"available":true,"range15m":{"hi":66498.4,"lo":65184.4,"pos01":0.6587519025875216,"lastClose":66050.0,"meanClose":65915.23000000001},"range5m":{"hi":66498.4,"lo":65184.4,"pos01":0.6589041095890414,"lastClose":66050.2,"meanClose":65926.42166666665}}}}