{"meta":{"exchange":"MEXC","market":"FUTURES","symbol":"BTC_USDT","generated_at":"2026-02-12T17:50:52Z"},"marketInfo":{"priceUnit":0.1,"volUnit":1,"minVol":1,"contractSize":0.0001,"priceScale":1,"volScale":0,"maxLeverage":500},"price":{"ticker":{"contractId":10,"symbol":"BTC_USDT","lastPrice":65764.1,"bid1":65764,"ask1":65764.1,"volume24":273099623,"amount24":1836792549.34569,"holdVol":523504579,"lower24Price":65522.2,"high24Price":68381.5,"riseFallRate":-0.0199,"riseFallValue":-1339.4,"indexPrice":65794.2,"fairPrice":65764.1,"fundingRate":-1e-06,"maxBidPrice":72373.6,"minAskPrice":59214.7,"timestamp":1770918648768,"riseFallRates":{"zone":"UTC+8","r":-0.0199,"v":-1339.4,"r7":-0.025,"r30":-0.2959,"r90":-0.3202,"r180":-0.4409,"r365":-0.3132},"riseFallRatesOfTimezone":[-0.0037,-0.0191,-0.0199]},"funding":{"symbol":"BTC_USDT","fundingRate":-1e-06,"maxFundingRate":0.0018,"minFundingRate":-0.0018,"collectCycle":8,"nextSettleTime":1770940800000,"timestamp":1770918652874},"index":{"symbol":"BTC_USDT","indexPrice":65788.01,"timestamp":1770918652497},"fair":{"symbol":"BTC_USDT","fairPrice":65758.6,"timestamp":1770918653364}},"metrics":{"openInterestNow":523504579,"oiHistory":[{"t":1770918655234,"lastPrice":65758.4,"bid1":65758.1,"ask1":65758.2,"holdVol":523585315,"fundingRate":-1e-06,"indexPrice":65787.37,"fairPrice":65758.5},{"t":1770918657537,"lastPrice":65758.4,"bid1":65758.1,"ask1":65758.2,"holdVol":523585315,"fundingRate":-1e-06,"indexPrice":65787.37,"fairPrice":65758.5},{"t":1770918660066,"lastPrice":65780.3,"bid1":65779.2,"ask1":65779.3,"holdVol":523691971,"fundingRate":-1e-06,"indexPrice":65812.53,"fairPrice":65782.6},{"t":1770918662388,"lastPrice":65799.9,"bid1":65799.9,"ask1":65800,"holdVol":523583596,"fundingRate":-1e-06,"indexPrice":65813.06,"fairPrice":65798},{"t":1770918664702,"lastPrice":65789.7,"bid1":65789.7,"ask1":65789.8,"holdVol":523667510,"fundingRate":-1e-06,"indexPrice":65825.88,"fairPrice":65797.4},{"t":1770918667059,"lastPrice":65789.7,"bid1":65789.7,"ask1":65789.8,"holdVol":523667510,"fundingRate":-1e-06,"indexPrice":65825.88,"fairPrice":65797.4},{"t":1770918669386,"lastPrice":65783,"bid1":65782.9,"ask1":65783,"holdVol":523525804,"fundingRate":-1e-06,"indexPrice":65822.16,"fairPrice":65792.3},{"t":1770918671691,"lastPrice":65789.1,"bid1":65789.1,"ask1":65789.2,"holdVol":523524835,"fundingRate":-1e-06,"indexPrice":65819.81,"fairPrice":65790},{"t":1770918674026,"lastPrice":65785.6,"bid1":65793.9,"ask1":65794,"holdVol":523498377,"fundingRate":-1e-06,"indexPrice":65816.29,"fairPrice":65785.9},{"t":1770918676333,"lastPrice":65785.6,"bid1":65793.9,"ask1":65794,"holdVol":523498377,"fundingRate":-1e-06,"indexPrice":65816.29,"fairPrice":65785.9},{"t":1770918678639,"lastPrice":65818.4,"bid1":65818.3,"ask1":65818.4,"holdVol":523364496,"fundingRate":-1e-06,"indexPrice":65853.53,"fairPrice":65823.7},{"t":1770918680951,"lastPrice":65796.4,"bid1":65796.4,"ask1":65796.5,"holdVol":523309420,"fundingRate":-1e-06,"indexPrice":65836.72,"fairPrice":65808.7},{"t":1770918683253,"lastPrice":65829.5,"bid1":65829.4,"ask1":65830.4,"holdVol":523414444,"fundingRate":-1e-06,"indexPrice":65859.11,"fairPrice":65829.5},{"t":1770918685566,"lastPrice":65810,"bid1":65810,"ask1":65810.2,"holdVol":523309468,"fundingRate":-1e-06,"indexPrice":65852.09,"fairPrice":65824.6},{"t":1770918687872,"lastPrice":65810,"bid1":65810,"ask1":65810.2,"holdVol":523309468,"fundingRate":-1e-06,"indexPrice":65852.09,"fairPrice":65824.6},{"t":1770918690174,"lastPrice":65795.5,"bid1":65795.5,"ask1":65795.6,"holdVol":523415308,"fundingRate":-1e-06,"indexPrice":65824.21,"fairPrice":65795.6},{"t":1770918692474,"lastPrice":65791.3,"bid1":65785.6,"ask1":65785.7,"holdVol":523403318,"fundingRate":-1e-06,"indexPrice":65820.37,"fairPrice":65793.9},{"t":1770918694817,"lastPrice":65775.5,"bid1":65775.5,"ask1":65775.6,"holdVol":523403980,"fundingRate":-1e-06,"indexPrice":65806.65,"fairPrice":65780},{"t":1770918697118,"lastPrice":65772.2,"bid1":65771.8,"ask1":65771.9,"holdVol":523395417,"fundingRate":-1e-06,"indexPrice":65804.32,"fairPrice":65774.3},{"t":1770918699438,"lastPrice":65771.9,"bid1":65771.8,"ask1":65771.9,"holdVol":523390732,"fundingRate":-1e-06,"indexPrice":65800.29,"fairPrice":65771.9},{"t":1770918701771,"lastPrice":65771.9,"bid1":65771.8,"ask1":65771.9,"holdVol":523390732,"fundingRate":-1e-06,"indexPrice":65800.29,"fairPrice":65771.9},{"t":1770918704081,"lastPrice":65750.1,"bid1":65750.1,"ask1":65756.9,"holdVol":523487692,"fundingRate":-1e-06,"indexPrice":65782.86,"fairPrice":65752.8},{"t":1770918706382,"lastPrice":65764.4,"bid1":65764.4,"ask1":65764.5,"holdVol":523633123,"fundingRate":-1e-06,"indexPrice":65792.22,"fairPrice":65767.6},{"t":1770918708693,"lastPrice":65771.4,"bid1":65771.8,"ask1":65771.9,"holdVol":523608595,"fundingRate":-1e-06,"indexPrice":65793.02,"fairPrice":65764.5},{"t":1770918711002,"lastPrice":65772.7,"bid1":65770.6,"ask1":65770.7,"holdVol":523625904,"fundingRate":-1e-06,"indexPrice":65801.59,"fairPrice":65772.8},{"t":1770918713318,"lastPrice":65741.2,"bid1":65740,"ask1":65740.1,"holdVol":523646275,"fundingRate":-1e-06,"indexPrice":65775.04,"fairPrice":65750.1}],"fundingRateNow":-1e-06,"fundingRateHistory":{"pageSize":24,"totalCount":1618,"totalPage":68,"currentPage":1,"resultList":[{"symbol":"BTC_USDT","fundingRate":-1.7e-05,"settleTime":1770912000000,"collectCycle":8},{"symbol":"BTC_USDT","fundingRate":3.3e-05,"settleTime":1770883200000,"collectCycle":8},{"symbol":"BTC_USDT","fundingRate":-1.3e-05,"settleTime":1770854400000,"collectCycle":8},{"symbol":"BTC_USDT","fundingRate":-1.2e-05,"settleTime":1770825600000,"collectCycle":8},{"symbol":"BTC_USDT","fundingRate":-8.3e-05,"settleTime":1770796800000,"collectCycle":8},{"symbol":"BTC_USDT","fundingRate":1.3e-05,"settleTime":1770768000000,"collectCycle":8},{"symbol":"BTC_USDT","fundingRate":-8.8e-05,"settleTime":1770739200000,"collectCycle":8},{"symbol":"BTC_USDT","fundingRate":-4.7e-05,"settleTime":1770710400000,"collectCycle":8},{"symbol":"BTC_USDT","fundingRate":-9e-05,"settleTime":1770681600000,"collectCycle":8},{"symbol":"BTC_USDT","fundingRate":-4.2e-05,"settleTime":1770652800000,"collectCycle":8},{"symbol":"BTC_USDT","fundingRate":1.7e-05,"settleTime":1770624000000,"collectCycle":8},{"symbol":"BTC_USDT","fundingRate":-2.9e-05,"settleTime":1770595200000,"collectCycle":8},{"symbol":"BTC_USDT","fundingRate":-4.9e-05,"settleTime":1770566400000,"collectCycle":8},{"symbol":"BTC_USDT","fundingRate":-3.5e-05,"settleTime":1770537600000,"collectCycle":8},{"symbol":"BTC_USDT","fundingRate":-3.4e-05,"settleTime":1770508800000,"collectCycle":8},{"symbol":"BTC_USDT","fundingRate":-3e-05,"settleTime":1770480000000,"collectCycle":8},{"symbol":"BTC_USDT","fundingRate":-8.2e-05,"settleTime":1770451200000,"collectCycle":8},{"symbol":"BTC_USDT","fundingRate":-0.000152,"settleTime":1770422400000,"collectCycle":8},{"symbol":"BTC_USDT","fundingRate":-0.000133,"settleTime":1770393600000,"collectCycle":8},{"symbol":"BTC_USDT","fundingRate":-0.000136,"settleTime":1770364800000,"collectCycle":8},{"symbol":"BTC_USDT","fundingRate":-1.3e-05,"settleTime":1770336000000,"collectCycle":8},{"symbol":"BTC_USDT","fundingRate":-4.9e-05,"settleTime":1770307200000,"collectCycle":8},{"symbol":"BTC_USDT","fundingRate":5e-06,"settleTime":1770278400000,"collectCycle":8},{"symbol":"BTC_USDT","fundingRate":9.1e-05,"settleTime":1770249600000,"collectCycle":8}]}},"orderbook":{"asks":[[65758.5,6693,1],[65758.6,4333,1],[65758.7,4572,1],[65758.8,3877,1],[65758.9,4009,1],[65759,4170,1],[65759.1,4652,1],[65759.2,4563,1],[65759.3,105215,2],[65759.4,4444,1],[65759.5,4330,1],[65759.6,4505,1],[65759.7,4190,1],[65759.8,3753,1],[65759.9,3996,1],[65760,3792,1],[65760.1,4216,1],[65760.2,3842,1],[65760.3,3727,1],[65760.4,4598,1]],"bids":[[65758.4,10541,2],[65758.3,4333,1],[65758.2,4572,1],[65758.1,3877,1],[65758,4017,2],[65757.9,4170,1],[65757.8,4652,1],[65757.7,4563,1],[65757.6,4030,1],[65757.5,105629,2],[65757.4,4330,1],[65757.3,4505,1],[65757.2,4190,1],[65757.1,3753,1],[65757,3996,1],[65756.9,3792,1],[65756.8,4216,1],[65756.7,3842,1],[65756.6,3727,1],[65756.5,4598,1]],"version":32404300870,"timestamp":1770918653278},"orderbookHistory":{"depthCommits":[{"asks":[[65758.5,9981,5]],"bids":[],"version":32404300879},{"asks":[[65758.5,9159,4]],"bids":[],"version":32404300878},{"asks":[[65758.5,8337,3]],"bids":[],"version":32404300877},{"asks":[[65758.5,7515,2]],"bids":[],"version":32404300876},{"asks":[[65810.2,6047,2]],"bids":[],"version":32404300875},{"asks":[],"bids":[[65758.4,9719,1]],"version":32404300874},{"asks":[],"bids":[[65429.6,0,0]],"version":32404300873},{"asks":[],"bids":[[65701.1,0,0]],"version":32404300872},{"asks":[[65760.2,5361,2]],"bids":[],"version":32404300871},{"asks":[],"bids":[[65758.4,10541,2]],"version":32404300870},{"asks":[],"bids":[[65701.1,4193,1]],"version":32404300869},{"asks":[[65759,4170,1]],"bids":[],"version":32404300868},{"asks":[[65758.5,6693,1]],"bids":[],"version":32404300867},{"asks":[[65758.5,10941,2]],"bids":[],"version":32404300866},{"asks":[[65758.5,11763,3]],"bids":[],"version":32404300865},{"asks":[[65758.5,12585,4]],"bids":[],"version":32404300864},{"asks":[[65809.9,0,0]],"bids":[],"version":32404300863},{"asks":[[65758.6,4333,1]],"bids":[],"version":32404300862},{"asks":[],"bids":[[65758.4,9719,1]],"version":32404300861},{"asks":[],"bids":[[65701.1,0,0]],"version":32404300860},{"asks":[],"bids":[[65429.6,2,1]],"version":32404300859},{"asks":[[65759,5689,2]],"bids":[],"version":32404300858},{"asks":[],"bids":[[65758.4,10541,2]],"version":32404300857},{"asks":[[65758.6,8827,2]],"bids":[],"version":32404300856},{"asks":[],"bids":[[65696.8,4199,2]],"version":32404300855},{"asks":[],"bids":[[65701.1,4194,1]],"version":32404300854},{"asks":[[65809.9,5665,1]],"bids":[],"version":32404300853},{"asks":[[65758.5,13407,5]],"bids":[],"version":32404300852},{"asks":[[65758.5,12585,4]],"bids":[],"version":32404300851},{"asks":[[65758.5,13407,5]],"bids":[],"version":32404300850},{"asks":[[65758.5,12585,4]],"bids":[],"version":32404300849},{"asks":[],"bids":[[65753.1,6456,2]],"version":32404300848},{"asks":[[65759.5,4330,1]],"bids":[],"version":32404300847},{"asks":[[65758.6,4333,1]],"bids":[],"version":32404300846},{"asks":[[65810,0,0]],"bids":[],"version":32404300845},{"asks":[[65758.5,11763,3]],"bids":[],"version":32404300844},{"asks":[],"bids":[[65696.9,0,0]],"version":32404300843},{"asks":[],"bids":[[65753.5,4789,1]],"version":32404300842},{"asks":[[65878.8,173,1]],"bids":[],"version":32404300841},{"asks":[[65843.1,122,2]],"bids":[],"version":32404300840},{"asks":[[65843.1,68,1]],"bids":[],"version":32404300839},{"asks":[[65758.5,7515,2]],"bids":[],"version":32404300838},{"asks":[[65758.5,8337,3]],"bids":[],"version":32404300837},{"asks":[[65758.5,9159,4]],"bids":[],"version":32404300836},{"asks":[],"bids":[[65655.1,174,1]],"version":32404300835},{"asks":[[65758.5,9981,5]],"bids":[],"version":32404300834},{"asks":[[65933.4,0,0]],"bids":[],"version":32404300833},{"asks":[[65865.5,0,0]],"bids":[],"version":32404300832},{"asks":[[65758.5,12385,5]],"bids":[],"version":32404300831},{"asks":[[65865.5,54,1]],"bids":[],"version":32404300830},{"asks":[],"bids":[[65661.7,0,0]],"version":32404300829},{"asks":[[65758.6,8827,2]],"bids":[],"version":32404300828},{"asks":[[65779,3648,1]],"bids":[],"version":32404300827},{"asks":[[65763.6,3192,1]],"bids":[],"version":32404300826},{"asks":[[65758.5,12386,5]],"bids":[],"version":32404300825},{"asks":[[65758.5,11564,4]],"bids":[],"version":32404300824},{"asks":[[65758.5,10742,3]],"bids":[],"version":32404300823},{"asks":[[65758.5,9920,2]],"bids":[],"version":32404300822},{"asks":[],"bids":[[65758.4,9719,1]],"version":32404300821},{"asks":[[65779.8,0,0]],"bids":[],"version":32404300820}],"polled":{"seconds":60,"stepSec":2.0,"levels":20,"snapshots":[{"timestamp":1770918715205,"version":32404389615,"bids":[[65742.2,10387,1],[65742.1,4533,1],[65742,4055,1],[65741.9,4271,1],[65741.8,3505,1],[65741.7,3677,1],[65741.6,4300,1],[65741.5,3578,1],[65741.4,3835,1],[65741.3,104757,2],[65741.2,3670,1],[65741.1,3952,1],[65741,3804,1],[65740.9,3754,1],[65740.8,4309,1],[65740.7,3814,1],[65740.6,3622,1],[65740.5,3630,1],[65740.4,3718,1],[65740.3,4301,1]],"asks":[[65742.3,7592,5],[65742.4,6561,2],[65742.5,4055,1],[65742.6,3896,1],[65742.7,4339,1],[65742.8,3657,1],[65742.9,4302,1],[65743,3711,1],[65743.1,105492,2],[65743.2,4631,1],[65743.3,4519,1],[65743.4,3834,1],[65743.5,3804,1],[65743.6,3754,1],[65743.7,4309,1],[65743.8,3814,1],[65743.9,3622,1],[65744,3630,1],[65744.4,4095,1],[65744.5,4243,1]]},{"timestamp":1770918717314,"version":32404392615,"bids":[[65723,2266,1],[65722.9,4286,1],[65722.8,4970,1],[65722.7,4556,1],[65722.6,4880,1],[65722.5,4637,1],[65722.4,3939,2],[65722.3,4154,1],[65722.2,5039,1],[65722.1,3845,1],[65722,4679,1],[65721.9,4651,2],[65721.8,4224,1],[65721.7,4400,1],[65721.6,14466,2],[65721.5,8668,2],[65721.4,8024,2],[65721.3,9169,2],[65721.2,9207,2],[65721.1,8696,2]],"asks":[[65723.1,10661,6],[65723.6,1519,1],[65725.3,10366,4],[65726.9,1519,1],[65728.2,2399,1],[65728.3,2843,1],[65728.4,2406,1],[65728.5,4581,2],[65728.6,3023,1],[65728.7,2669,1],[65728.8,2640,1],[65728.9,2712,1],[65729,2791,1],[65729.1,3060,1],[65729.2,2384,1],[65729.3,2955,1],[65729.4,3093,1],[65729.5,2787,1],[65729.6,2450,1],[65729.7,2346,1]]},{"timestamp":1770918719532,"version":32404393415,"bids":[[65720,4910,1],[65719.9,4627,1],[65719.8,3719,1],[65719.7,3557,2],[65719.6,3766,1],[65719.5,3951,1],[65719.4,3544,1],[65719.3,3622,1],[65719.2,4556,1],[65719.1,105499,2],[65719,3851,1],[65718.9,3652,1],[65718.8,4374,1],[65718.7,3518,1],[65718.6,4027,1],[65718.5,4324,2],[65718.4,4713,1],[65718.3,4147,1],[65718.2,4238,1],[65718.1,4250,1]],"asks":[[65720.1,23301,5],[65720.2,4627,1],[65720.3,3719,1],[65720.4,3556,1],[65720.5,3766,1],[65720.6,3951,1],[65720.7,3544,1],[65720.8,9757,4],[65720.9,105800,2],[65721,4255,1],[65721.1,3851,1],[65721.2,3652,1],[65721.3,4374,1],[65721.4,3518,1],[65721.5,4027,1],[65721.6,3824,1],[65721.7,6232,2],[65721.8,4147,1],[65721.9,4238,1],[65722,4250,1]]},{"timestamp":1770918721306,"version":32404396710,"bids":[[65720,4564,2],[65719.9,8758,2],[65719.8,4379,1],[65719.7,4379,1],[65719.6,4379,1],[65719.4,649,1],[65719.3,649,1],[65719.2,8758,2],[65718.9,1519,1],[65717.9,2596,1],[65717.8,2836,1],[65717.7,2733,1],[65717.6,2906,1],[65717.5,2786,1],[65717.4,2938,1],[65717.3,3043,1],[65717.2,1519,1],[65716.9,2434,1],[65716.8,2706,1],[65716.7,2837,1]],"asks":[[65720.1,2734,1],[65721.7,4086,1],[65721.8,4261,1],[65721.9,4112,1],[65722,5092,1],[65722.1,4104,1],[65722.2,4789,1],[65722.3,4920,1],[65722.4,4297,1],[65722.5,4700,1],[65722.6,4997,1],[65722.7,3808,1],[65722.8,3868,1],[65722.9,4841,1],[65723,4225,1],[65723.1,4320,1],[65723.2,4231,1],[65723.3,3815,1],[65723.4,4489,1],[65723.5,5039,1]]},{"timestamp":1770918723984,"version":32404401090,"bids":[[65743.8,9257,1],[65743.7,4515,1],[65743.6,4583,1],[65743.5,4481,1],[65743.4,4678,1],[65743.3,3864,1],[65743.2,4674,1],[65743.1,3776,1],[65743,4692,1],[65742.9,105748,2],[65742.8,4290,1],[65742.7,3618,1],[65742.6,4009,1],[65742.5,3935,1],[65742.4,4000,1],[65742.3,3624,1],[65742.2,3859,1],[65742.1,4562,1],[65742,3965,1],[65741.9,3876,1]],"asks":[[65743.9,15080,3],[65744,8932,2],[65744.1,4583,1],[65744.2,4481,1],[65744.3,4678,1],[65744.4,3864,1],[65744.5,4674,1],[65744.6,3776,1],[65744.7,105899,2],[65744.8,4541,1],[65744.9,4290,1],[65745,3618,1],[65745.1,4009,1],[65745.2,3935,1],[65745.3,5519,2],[65745.4,3624,1],[65745.5,3859,1],[65745.6,4562,1],[65745.7,3965,1],[65745.8,3876,1]]},{"timestamp":1770918726263,"version":32404404370,"bids":[[65754.4,2576,3],[65754.3,15,1],[65754,12194,2],[65753.9,8454,2],[65753.8,7358,2],[65753.7,4205,1],[65753.6,4332,1],[65753.2,4230,1],[65753.1,105066,2],[65753,4406,1],[65752.9,3586,1],[65752.8,4342,1],[65752.7,3710,1],[65752.6,4207,1],[65752.5,4648,1],[65752.4,4697,1],[65752.3,4409,1],[65752.2,4559,1],[65752.1,4518,1],[65752,4232,1]],"asks":[[65754.5,3639,1],[65754.6,3705,1],[65754.7,4028,1],[65754.8,3776,1],[65754.9,105422,2],[65755,3874,1],[65755.1,4406,1],[65755.2,3586,1],[65755.3,4342,1],[65755.4,3710,1],[65755.5,4207,1],[65755.6,4648,1],[65755.7,4697,1],[65755.8,4409,1],[65755.9,4559,1],[65756,4518,1],[65756.1,4232,1],[65756.2,5671,2],[65756.6,13075,3],[65756.7,11481,3]]},{"timestamp":1770918728380,"version":32404406990,"bids":[[65751.6,10534,7],[65750.7,1519,1],[65749.3,1519,1],[65749.1,4421,1],[65749,4220,1],[65748.9,4559,1],[65748.8,4229,1],[65748.7,5092,1],[65748.6,4166,1],[65748.5,3994,1],[65748.4,4626,1],[65748.3,4905,1],[65748.2,4355,1],[65748.1,4828,1],[65748,4935,1],[65747.9,5013,1],[65747.8,5427,2],[65747.7,4457,1],[65747.6,5062,1],[65747.5,4859,1]],"asks":[[65751.7,12444,2],[65751.8,7959,2],[65751.9,8651,2],[65752,3586,1],[65752.1,4052,1],[65752.2,4584,1],[65752.3,4454,1],[65752.4,3933,1],[65752.5,105897,2],[65752.6,3687,1],[65752.7,3630,1],[65752.8,4633,1],[65752.9,4511,1],[65753,4178,1],[65753.1,3654,1],[65753.2,3814,1],[65753.3,4075,1],[65753.4,4221,1],[65753.5,4137,1],[65753.6,3762,1]]},{"timestamp":1770918730614,"version":32404408965,"bids":[[65751.1,8439,2],[65751,7823,2],[65750.9,9225,2],[65750.8,4057,1],[65750.7,4006,1],[65750.6,4661,1],[65750.5,4683,1],[65750.4,4148,1],[65750.3,5015,1],[65750.2,5048,1],[65750.1,4607,1],[65750,4462,1],[65749.9,4992,1],[65749.8,5018,1],[65749.7,4923,1],[65749.6,3916,1],[65749.5,4763,1],[65749.4,4825,1],[65749.3,3971,1],[65749.2,4325,1]],"asks":[[65751.2,12540,4],[65751.3,8578,2],[65751.4,3771,1],[65751.5,4133,1],[65751.6,3807,1],[65751.7,3554,1],[65751.8,4144,1],[65751.9,3896,1],[65752,1519,1],[65752.3,3570,1],[65752.4,3826,1],[65752.5,3973,1],[65752.6,4537,1],[65752.7,4360,1],[65752.8,4131,1],[65753.8,3288,4],[65754.1,1519,1],[65755.5,1519,1],[65755.6,3106,1],[65755.7,2802,1]]},{"timestamp":1770918732653,"version":32404410505,"bids":[[65754.2,1644,2],[65752.5,1519,1],[65751.7,4024,1],[65751.6,8657,2],[65751.5,8708,2],[65751.4,9051,2],[65751.3,9678,2],[65751.2,8880,2],[65751.1,10005,3],[65751,8861,2],[65750.9,3995,1],[65750.8,4202,1],[65750.7,4287,1],[65750.6,3882,1],[65750.5,4967,1],[65750.4,4783,1],[65750.3,4417,1],[65750.2,7550,2],[65750.1,4064,1],[65750,4965,1]],"asks":[[65754.3,13617,2],[65754.4,8817,2],[65754.5,8341,2],[65754.6,3681,1],[65754.7,3558,1],[65754.8,4180,1],[65754.9,3727,1],[65755.1,101191,1],[65755.3,3578,1],[65755.4,4373,1],[65755.5,3514,1],[65755.6,4120,1],[65755.7,3869,1],[65755.8,3874,1],[65755.9,4550,1],[65756,4530,1],[65756.1,3694,1],[65756.2,3828,1],[65756.3,4008,1],[65756.4,4290,1]]},{"timestamp":1770918734734,"version":32404413060,"bids":[[65766.7,11270,1],[65766.6,3633,1],[65766.5,4554,1],[65766.4,3845,1],[65766.3,3730,1],[65766.2,3766,1],[65766.1,3962,1],[65766,4616,1],[65765.9,4457,1],[65765.8,105383,2],[65765.7,3540,1],[65765.6,3671,1],[65765.5,3528,1],[65765.4,3676,1],[65765.3,4218,1],[65765.2,4712,1],[65765.1,3924,1],[65765,3758,1],[65764.9,3992,1],[65764.8,4287,1]],"asks":[[65766.8,7209,5],[65767.9,1519,1],[65768.3,8645,2],[65768.4,3924,1],[65768.5,3758,1],[65768.6,3992,1],[65768.7,4287,1],[65768.8,3618,1],[65768.9,3634,1],[65769,3797,1],[65769.1,3639,1],[65769.2,3778,1],[65769.3,9975,3],[65769.4,8421,2],[65769.5,7843,2],[65769.6,8348,2],[65769.7,8429,2],[65769.8,3908,1],[65769.9,3961,1],[65770,3932,1]]},{"timestamp":1770918737090,"version":32404415610,"bids":[[65770.6,1829,3],[65768.3,4397,1],[65768.1,822,1],[65768,4039,1],[65767.9,4514,1],[65767.8,4502,1],[65767.7,3824,1],[65767.6,4396,1],[65767.5,3783,1],[65767.4,4280,1],[65767.3,4732,1],[65767.2,4311,1],[65767.1,4875,1],[65767,4853,1],[65766.9,4963,1],[65766.8,4549,1],[65766.7,4680,1],[65766.6,4945,1],[65766.5,4891,1],[65766.4,4760,1]],"asks":[[65770.7,11597,1],[65770.8,4616,1],[65770.9,4702,1],[65771,3862,1],[65771.1,3587,1],[65771.2,4687,1],[65771.3,3652,1],[65771.4,3822,1],[65771.5,104735,3],[65771.6,4186,1],[65771.7,4552,1],[65771.8,4427,2],[65771.9,4074,1],[65772,4486,1],[65772.1,5025,2],[65772.2,4017,1],[65772.3,4009,1],[65772.4,4257,1],[65772.5,4553,1],[65772.6,3890,1]]},{"timestamp":1770918739191,"version":32404416215,"bids":[[65770.6,10235,1],[65770.5,3726,1],[65770.4,3886,1],[65770.3,3792,1],[65770.2,4368,1],[65770.1,4587,1],[65770,4244,1],[65769.9,3853,1],[65769.8,4209,1],[65769.7,104968,2],[65769.6,3666,1],[65769.5,4390,1],[65769.4,3528,1],[65769.3,4493,1],[65769.2,3867,1],[65769.1,4443,1],[65769,3963,1],[65768.9,4543,1],[65768.8,3567,1],[65768.7,4518,1]],"asks":[[65770.7,13695,6],[65770.8,3726,1],[65770.9,3886,1],[65771,3792,1],[65771.1,4368,1],[65771.2,4587,1],[65771.3,4244,1],[65771.4,5372,2],[65771.5,105376,3],[65771.6,3802,1],[65771.7,3666,1],[65771.8,4394,2],[65771.9,3528,1],[65772,4493,1],[65772.1,3867,1],[65772.2,4443,1],[65772.3,3963,1],[65772.4,4543,1],[65772.5,3567,1],[65772.6,4518,1]]},{"timestamp":1770918741277,"version":32404418425,"bids":[[65779.9,11502,8],[65779.8,8650,2],[65779.5,1519,1],[65779,2367,1],[65778.9,2715,1],[65778.8,2580,1],[65778.7,2658,1],[65778.6,2733,1],[65778.5,2339,1],[65778.1,1519,1],[65778,2625,1],[65777.9,2457,1],[65777.8,2498,1],[65777.7,3116,1],[65777.6,3070,1],[65777.5,2451,1],[65777.4,2586,1],[65777.3,2453,1],[65777.2,2529,1],[65777.1,2630,1]],"asks":[[65780,6,2],[65780.2,7601,1],[65780.3,4947,1],[65780.4,5108,1],[65780.5,4152,1],[65780.6,4424,1],[65780.7,4951,1],[65780.8,5101,1],[65780.9,4931,1],[65781,5048,1],[65781.1,4799,1],[65781.2,4939,1],[65781.3,4577,1],[65781.4,4056,1],[65781.5,3861,1],[65781.6,3838,1],[65781.7,4674,1],[65781.8,4395,1],[65781.9,4215,1],[65782,3990,1]]},{"timestamp":1770918743425,"version":32404422745,"bids":[[65779.9,4038,1],[65779.8,4555,1],[65779.7,5066,1],[65779.6,3870,1],[65779.5,4295,1],[65779.4,4629,1],[65779.3,4800,1],[65779.2,4425,1],[65779.1,4015,1],[65779,4330,1],[65778.9,4861,1],[65778.8,4674,1],[65778.7,4169,1],[65778.6,5028,1],[65778.5,3950,1],[65778.4,4700,1],[65778.3,4421,1],[65778.2,4023,1],[65778.1,5023,1],[65778,4988,1]],"asks":[[65780,13492,8],[65780.1,8670,2],[65781.5,2491,1],[65781.6,2681,1],[65781.7,4487,2],[65781.8,2419,1],[65781.9,2665,1],[65782,2748,1],[65782.1,2481,1],[65782.2,2428,1],[65782.3,2918,1],[65782.4,2458,1],[65782.5,2496,1],[65782.6,3047,2],[65782.7,2417,1],[65782.8,2823,1],[65782.9,2957,1],[65783,2346,1],[65783.1,2471,1],[65783.2,2824,1]]},{"timestamp":1770918745519,"version":32404424210,"bids":[[65780.4,21159,8],[65780.3,8051,2],[65780.2,4242,1],[65779.5,101151,1],[65779.2,1519,1],[65777.7,4021,1],[65777.6,13068,4],[65777.5,8209,2],[65777.4,7683,2],[65777.3,8322,2],[65777.2,7737,2],[65777.1,8561,2],[65777,4735,1],[65776.9,4586,1],[65776.8,4756,1],[65776.7,5019,1],[65776.6,3843,1],[65776.5,3915,1],[65776.4,4262,1],[65776.3,4904,1]],"asks":[[65780.5,13762,2],[65780.6,7710,2],[65780.7,7854,2],[65780.8,3905,1],[65780.9,3587,1],[65781,4527,1],[65781.1,4463,1],[65781.2,4021,1],[65781.3,105715,2],[65781.4,4159,1],[65781.5,3586,1],[65781.6,3522,1],[65781.7,3925,1],[65781.8,3719,1],[65781.9,3704,1],[65782,4026,1],[65782.1,3805,1],[65782.2,4563,1],[65782.3,3700,1],[65782.4,4407,1]]},{"timestamp":1770918747660,"version":32404427690,"bids":[[65791.6,13749,5],[65791.5,13176,3],[65791.4,4704,1],[65791.3,26674,2],[65791.2,5102,1],[65791.1,4203,1],[65791,4914,1],[65790.9,4450,1],[65790.8,4889,1],[65790.7,4550,1],[65790.6,2773,1],[65790.5,2355,1],[65790.4,4333,3],[65790.3,4376,2],[65790.2,2871,1],[65790.1,2839,1],[65790,2383,1],[65789.9,2330,1],[65789.8,2585,1],[65789.7,2534,1]],"asks":[[65791.7,39,1],[65797.1,1,1],[65797.3,15081,2],[65797.4,7500,2],[65797.5,8870,2],[65797.6,3689,1],[65797.7,4088,1],[65797.8,3915,1],[65797.9,3852,1],[65798,4021,1],[65798.1,105451,2],[65798.4,1519,1],[65798.5,4443,1],[65798.6,4424,1],[65798.7,3928,1],[65798.8,3879,1],[65798.9,4378,1],[65799,3773,1],[65799.1,3916,1],[65799.2,3867,1]]},{"timestamp":1770918750011,"version":32404429770,"bids":[[65809.8,9462,1],[65809.7,4335,1],[65809.6,4047,1],[65809.5,3664,1],[65809.4,3845,1],[65809.3,3989,1],[65809.2,3786,1],[65809.1,4452,1],[65809,3965,1],[65808.9,105240,2],[65808.8,4657,1],[65808.7,4425,1],[65808.6,4557,1],[65808.5,4111,1],[65808.4,3650,1],[65808.3,3949,1],[65808.2,4414,1],[65808.1,4489,1],[65808,4112,1],[65807.9,4634,1]],"asks":[[65809.9,14269,6],[65810,4335,1],[65810.1,4047,1],[65810.2,3664,1],[65810.3,3845,1],[65810.4,3989,1],[65810.5,3786,1],[65810.6,4452,1],[65810.7,105071,2],[65810.8,4134,1],[65810.9,4657,1],[65811,4425,1],[65811.1,4557,1],[65811.2,4111,1],[65811.3,3650,1],[65811.4,5468,2],[65811.5,4414,1],[65811.6,4489,1],[65811.7,4112,1],[65811.8,4634,1]]},{"timestamp":1770918752255,"version":32404432355,"bids":[[65796.5,9525,1],[65796.4,4454,1],[65796.3,4129,1],[65796.2,3549,1],[65796.1,4486,1],[65796,4605,1],[65795.9,3912,1],[65795.8,3525,1],[65795.7,4336,1],[65795.6,105787,2],[65795.5,4626,1],[65795.4,4013,1],[65795.3,4262,1],[65795.2,4032,1],[65795.1,3767,1],[65795,3845,1],[65794.9,3868,1],[65794.8,3632,1],[65794.7,4547,1],[65794.6,4677,1]],"asks":[[65796.6,11169,3],[65796.7,4453,1],[65796.8,4129,1],[65796.9,5068,2],[65797,4486,1],[65797.1,4605,1],[65797.2,3912,1],[65797.3,3525,1],[65797.4,105462,2],[65797.5,4661,1],[65797.6,4626,1],[65797.7,4013,1],[65797.8,4262,1],[65797.9,4032,1],[65798,3767,1],[65798.1,3845,1],[65798.2,3868,1],[65798.3,5151,2],[65798.4,4547,1],[65798.5,4677,1]]},{"timestamp":1770918754164,"version":32404435565,"bids":[[65816,13584,4],[65815.9,8998,2],[65815.8,5103,1],[65815.7,4064,1],[65815.6,5965,2],[65815.5,4177,1],[65815.1,4583,1],[65815,5108,1],[65814.9,4851,1],[65814.8,4508,1],[65814.7,4978,1],[65814.6,4518,1],[65814.5,3961,1],[65814.4,3919,1],[65814.3,4262,1],[65814.2,5018,1],[65814.1,3295,2],[65814,22791,1],[65813.8,7584,3],[65813.7,4260,1]],"asks":[[65816.1,2,1],[65817.2,4,1],[65817.8,1,1],[65818.1,1,1],[65819,2,1],[65820,15426,5],[65820.1,8341,2],[65820.2,8145,2],[65820.3,4296,1],[65820.4,3646,1],[65820.5,4414,1],[65820.6,3859,1],[65820.7,3759,1],[65820.8,101090,1],[65821.1,4265,1],[65821.2,3522,1],[65821.3,3771,1],[65821.4,4097,1],[65821.5,4291,1],[65821.6,4256,1]]},{"timestamp":1770918756052,"version":32404436750,"bids":[[65815.4,11211,1],[65815.3,3966,1],[65815.2,3855,1],[65815.1,3865,1],[65815,4554,1],[65814.9,4580,1],[65814.8,5537,2],[65814.7,3513,1],[65814.6,3795,1],[65814.5,105662,2],[65814.4,4076,1],[65814.3,4483,1],[65814.2,4335,1],[65814.1,3968,1],[65814,4653,1],[65813.9,4276,1],[65813.8,5337,2],[65813.7,4647,1],[65813.6,3566,1],[65813.5,4456,1]],"asks":[[65815.5,11172,1],[65815.6,3966,1],[65815.7,3855,1],[65815.8,4102,1],[65815.9,3516,1],[65816,3998,1],[65816.1,3739,1],[65816.2,4613,1],[65816.3,104892,2],[65816.4,4565,1],[65816.5,4076,1],[65816.6,4483,1],[65816.7,4335,1],[65816.8,3968,1],[65816.9,4653,1],[65817,4276,1],[65817.1,4379,1],[65817.2,4651,2],[65817.3,3566,1],[65817.4,4456,1]]},{"timestamp":1770918759011,"version":32404440850,"bids":[[65802.4,9548,1],[65802.3,12392,2],[65802.2,4046,1],[65802,4615,1],[65801.9,3541,1],[65801.8,3498,1],[65801.7,4534,1],[65801.6,3974,1],[65801.5,105718,2],[65801.4,3942,1],[65801.3,5809,2],[65801.2,3546,1],[65801.1,3620,1],[65801,4486,2],[65800.9,4306,1],[65800.8,4421,1],[65800.7,13575,4],[65800.6,4153,1],[65800.5,4084,1],[65800.4,3853,1]],"asks":[[65802.5,13467,2],[65802.6,7958,2],[65802.7,4046,1],[65803,4534,1],[65803.1,3974,1],[65803.2,4601,1],[65803.3,105059,2],[65803.4,4290,1],[65803.5,3546,1],[65803.6,3620,1],[65803.7,3566,1],[65803.8,4306,1],[65803.9,4421,1],[65804,3853,1],[65804.1,4153,1],[65804.2,4084,1],[65804.3,3853,1],[65804.4,4165,1],[65804.5,4051,1],[65804.6,3905,1]]},{"timestamp":1770918761318,"version":32404442610,"bids":[[65806.8,15180,2],[65806.7,8068,2],[65806.6,4428,1],[65806.5,4304,1],[65806.4,4174,1],[65806.3,3847,1],[65806.2,3643,1],[65806.1,4444,1],[65806,3700,1],[65805.9,105599,2],[65805.8,3931,1],[65805.7,3992,1],[65805.6,3854,1],[65805.5,4207,1],[65805.4,4056,1],[65805.3,4024,1],[65805.2,6173,2],[65805.1,3867,1],[65805,5208,2],[65804.7,4528,1]],"asks":[[65806.9,13582,2],[65807,7681,2],[65807.1,8730,2],[65807.2,4313,1],[65807.3,4530,1],[65807.4,4149,1],[65807.5,3795,1],[65807.6,4417,1],[65807.7,105764,2],[65807.8,4180,1],[65807.9,4552,1],[65808,3918,1],[65808.1,4398,1],[65808.5,4654,1],[65808.6,3867,1],[65808.7,4386,1],[65808.8,4314,1],[65808.9,3680,1],[65809,3972,1],[65809.1,3808,1]]},{"timestamp":1770918763340,"version":32404444885,"bids":[[65800,2000,1],[65796.5,14742,2],[65796.4,4084,1],[65796.3,4488,1],[65796.1,3501,1],[65796,4019,1],[65795.9,4042,1],[65795.8,4422,1],[65795.7,4400,1],[65795.6,105153,2],[65795.5,3986,1],[65795.4,4561,1],[65795.3,3966,1],[65795.2,4170,1],[65795,4261,1],[65794.9,3570,1],[65794.8,4292,1],[65794.7,4138,1],[65794.6,4465,1],[65794.5,3792,1]],"asks":[[65800.1,18937,6],[65800.2,22308,9],[65800.3,3968,1],[65800.4,3847,1],[65800.9,4178,1],[65801,3851,1],[65801.1,3920,1],[65801.2,4666,1],[65801.3,3876,1],[65801.4,4463,1],[65801.5,3899,1],[65801.6,6492,2],[65802,4888,1],[65802.1,4846,1],[65802.2,4588,1],[65802.3,26910,2],[65802.4,4287,1],[65802.5,4117,1],[65802.6,4529,1],[65802.7,3948,1]]},{"timestamp":1770918765638,"version":32404447885,"bids":[[65768,10697,1],[65767.9,3750,1],[65767.8,3522,1],[65767.7,3783,1],[65767.6,4639,1],[65767.5,3558,1],[65767.4,3730,1],[65767.3,4711,1],[65767.2,4556,1],[65767.1,104675,2],[65767,3513,1],[65766.9,3793,1],[65766.8,4325,1],[65766.7,4462,1],[65766.6,3501,1],[65766.5,3625,1],[65766.4,4704,1],[65766.3,4403,1],[65766.2,3525,1],[65766.1,4303,1]],"asks":[[65768.1,1644,2],[65770.8,8848,2],[65770.9,6598,2],[65771,4742,1],[65771.1,4127,1],[65771.2,4789,1],[65771.3,4983,1],[65771.4,4249,1],[65771.5,3855,1],[65771.6,4017,1],[65771.7,4583,1],[65771.8,4074,1],[65771.9,4494,1],[65772,4630,1],[65772.1,4240,1],[65772.2,4474,1],[65772.3,5597,2],[65772.4,4818,1],[65772.5,4767,1],[65772.6,4529,1]]},{"timestamp":1770918768003,"version":32404448270,"bids":[[65768,9550,1],[65767.9,4501,1],[65767.8,4570,1],[65767.7,3952,1],[65767.6,3681,1],[65767.5,3661,1],[65767.4,3629,1],[65767.3,3858,1],[65767.2,4597,1],[65767.1,105533,2],[65767,4203,1],[65766.9,4427,1],[65766.8,4271,1],[65766.7,3970,1],[65766.6,4120,1],[65766.5,4115,1],[65766.4,3810,1],[65766.3,4350,1],[65766.2,4146,1],[65766.1,4561,1]],"asks":[[65768.1,17454,6],[65768.2,8960,2],[65768.3,4570,1],[65768.4,3952,1],[65768.5,3681,1],[65768.6,3661,1],[65768.7,3629,1],[65768.8,3858,1],[65768.9,105767,2],[65769,4363,1],[65769.1,4203,1],[65769.2,4427,1],[65769.3,4271,1],[65769.4,3970,1],[65769.5,5639,2],[65769.6,4115,1],[65769.7,3810,1],[65769.8,4350,1],[65769.9,4146,1],[65770,4561,1]]},{"timestamp":1770918770053,"version":32404450915,"bids":[[65754.8,30,1],[65752.2,2,1],[65752.1,9152,2],[65752,9004,2],[65751.9,8123,2],[65751.8,4066,1],[65751.7,4109,1],[65751.6,4969,1],[65751.5,4922,1],[65751.4,3883,1],[65751.3,4678,1],[65751.2,4523,1],[65751.1,5083,1],[65751,4681,1],[65750.9,4130,1],[65750.8,4247,1],[65750.7,4033,1],[65750.6,4003,1],[65750.5,4797,1],[65750.4,4560,1]],"asks":[[65754.9,11519,6],[65755,4435,3],[65755.1,4449,2],[65755.4,1519,1],[65756.6,2817,1],[65756.7,2990,1],[65756.8,3932,2],[65756.9,2369,1],[65757,2861,1],[65757.1,2796,1],[65757.2,2706,1],[65757.3,6736,2],[65757.4,7351,2],[65757.5,6345,2],[65757.6,6711,2],[65757.7,6624,2],[65757.8,7371,2],[65757.9,3092,1],[65758,3064,1],[65758.1,2858,1]]},{"timestamp":1770918772418,"version":32404452125,"bids":[[65754.5,3670,1],[65754.4,4292,1],[65754.3,4582,1],[65754.2,4023,1],[65754.1,3733,1],[65754,4012,1],[65753.9,4250,2],[65753.8,105611,2],[65753.7,3909,1],[65753.6,3697,1],[65753.5,4170,1],[65753.4,3599,1],[65753.3,3553,1],[65753.2,4301,1],[65753.1,3769,1],[65753,3652,1],[65752.9,4017,1],[65752.8,3776,1],[65752.7,3945,1],[65752.6,4564,1]],"asks":[[65754.6,10589,5],[65754.7,4467,1],[65754.8,8735,1],[65754.9,4714,1],[65755,3670,1],[65755.1,4292,1],[65755.2,6101,2],[65755.3,4023,1],[65755.4,3733,1],[65755.5,4012,1],[65755.6,105390,2],[65755.7,4420,1],[65755.8,3909,1],[65755.9,3697,1],[65756,4170,1],[65756.1,3599,1],[65756.2,3553,1],[65756.3,4301,1],[65756.4,3769,1],[65756.5,3652,1]]},{"timestamp":1770918774571,"version":32404453185,"bids":[[65756.3,11686,4],[65756.2,4433,1],[65756.1,4002,1],[65756,3691,1],[65755.9,4242,1],[65755.8,4103,1],[65755.7,4043,1],[65755.6,3968,1],[65755.5,4077,1],[65755.4,104780,2],[65755.3,3862,1],[65755.2,4041,1],[65755.1,4572,1],[65755,3895,1],[65754.9,3735,1],[65754.8,3735,1],[65754.7,3865,1],[65754.6,3526,1],[65754.5,4312,1],[65754.4,4342,1]],"asks":[[65756.4,13331,2],[65756.5,4433,1],[65756.6,4002,1],[65756.7,3691,1],[65756.8,4242,1],[65756.9,4103,1],[65757,4043,1],[65757.1,3968,1],[65757.2,105265,2],[65757.3,3592,1],[65757.4,3862,1],[65757.5,4041,1],[65757.6,4572,1],[65757.7,3895,1],[65757.8,5254,2],[65757.9,3735,1],[65758,3865,1],[65758.1,3526,1],[65758.2,4312,1],[65758.3,4342,1]]}]}},"trades":[{"p":65758.5,"v":2404,"T":1,"O":2,"M":2,"t":1770918653111,"i":"13360744044"},{"p":65758.4,"v":17,"T":2,"O":3,"M":1,"t":1770918653076,"i":"13360744036"},{"p":65758.5,"v":1,"T":1,"O":2,"M":2,"t":1770918653070,"i":"13360744034"},{"p":65758.5,"v":621,"T":1,"O":2,"M":2,"t":1770918652787,"i":"13360744018"},{"p":65758.5,"v":822,"T":1,"O":3,"M":2,"t":1770918652787,"i":"13360744017"},{"p":65758.5,"v":12,"T":1,"O":3,"M":1,"t":1770918652576,"i":"13360743989"},{"p":65758.6,"v":1917,"T":1,"O":2,"M":2,"t":1770918652441,"i":"13360743985"},{"p":65758.4,"v":84,"T":2,"O":3,"M":2,"t":1770918652300,"i":"13360743967"},{"p":65758.5,"v":704,"T":2,"O":1,"M":2,"t":1770918652300,"i":"13360743966"},{"p":65758.6,"v":7,"T":1,"O":3,"M":1,"t":1770918652076,"i":"13360743911"},{"p":65758.5,"v":118,"T":2,"O":1,"M":2,"t":1770918651821,"i":"13360743899"},{"p":65759,"v":171,"T":2,"O":1,"M":2,"t":1770918651393,"i":"13360743866"},{"p":65759.1,"v":300,"T":1,"O":1,"M":2,"t":1770918651249,"i":"13360743841"},{"p":65759,"v":11,"T":2,"O":3,"M":1,"t":1770918651075,"i":"13360743805"},{"p":65759,"v":41,"T":2,"O":3,"M":2,"t":1770918651070,"i":"13360743803"},{"p":65759.1,"v":458,"T":1,"O":1,"M":2,"t":1770918650592,"i":"13360743762"},{"p":65759,"v":3891,"T":1,"O":1,"M":2,"t":1770918650592,"i":"13360743761"},{"p":65758.9,"v":4334,"T":1,"O":1,"M":2,"t":1770918650592,"i":"13360743760"},{"p":65758.8,"v":4285,"T":1,"O":1,"M":2,"t":1770918650592,"i":"13360743759"},{"p":65758.7,"v":3640,"T":1,"O":3,"M":2,"t":1770918650592,"i":"13360743758"},{"p":65758.6,"v":4500,"T":1,"O":3,"M":2,"t":1770918650592,"i":"13360743757"},{"p":65758.5,"v":8892,"T":1,"O":3,"M":2,"t":1770918650592,"i":"13360743756"},{"p":65760.3,"v":20,"T":1,"O":3,"M":2,"t":1770918650413,"i":"13360743737"},{"p":65760.3,"v":148,"T":1,"O":2,"M":2,"t":1770918650360,"i":"13360743735"},{"p":65764.3,"v":181,"T":1,"O":1,"M":2,"t":1770918650161,"i":"13360743699"},{"p":65764.4,"v":268,"T":1,"O":1,"M":2,"t":1770918650117,"i":"13360743687"},{"p":65764.1,"v":11,"T":2,"O":3,"M":1,"t":1770918650078,"i":"13360743680"},{"p":65764.1,"v":3,"T":1,"O":3,"M":2,"t":1770918649569,"i":"13360743633"},{"p":65764.1,"v":92,"T":1,"O":3,"M":2,"t":1770918649424,"i":"13360743620"},{"p":65764.1,"v":54,"T":1,"O":1,"M":2,"t":1770918649118,"i":"13360743541"},{"p":65764.1,"v":6,"T":1,"O":3,"M":1,"t":1770918649083,"i":"13360743533"},{"p":65764.1,"v":4,"T":1,"O":3,"M":1,"t":1770918649076,"i":"13360743532"},{"p":65764,"v":314,"T":2,"O":1,"M":2,"t":1770918648897,"i":"13360743530"},{"p":65764.1,"v":246,"T":1,"O":1,"M":2,"t":1770918648876,"i":"13360743529"},{"p":65764.1,"v":699,"T":1,"O":1,"M":2,"t":1770918648876,"i":"13360743528"},{"p":65764,"v":14,"T":2,"O":1,"M":2,"t":1770918648830,"i":"13360743525"},{"p":65764.1,"v":46,"T":1,"O":3,"M":2,"t":1770918648757,"i":"13360743523"},{"p":65764.1,"v":774,"T":1,"O":3,"M":2,"t":1770918648481,"i":"13360743491"},{"p":65763.6,"v":11,"T":1,"O":3,"M":1,"t":1770918648077,"i":"13360743445"},{"p":65765.1,"v":408,"T":1,"O":3,"M":2,"t":1770918647520,"i":"13360743384"},{"p":65765.2,"v":2061,"T":1,"O":1,"M":2,"t":1770918647455,"i":"13360743381"},{"p":65760.1,"v":96,"T":1,"O":1,"M":2,"t":1770918647455,"i":"13360743380"},{"p":65760,"v":214,"T":2,"O":1,"M":2,"t":1770918647118,"i":"13360743297"},{"p":65760.1,"v":12,"T":1,"O":3,"M":1,"t":1770918647076,"i":"13360743291"},{"p":65760,"v":630,"T":2,"O":1,"M":2,"t":1770918646980,"i":"13360743289"},{"p":65758.4,"v":185,"T":2,"O":3,"M":2,"t":1770918646674,"i":"13360743274"},{"p":65758.5,"v":527,"T":1,"O":3,"M":2,"t":1770918646273,"i":"13360743212"},{"p":65758.4,"v":638,"T":2,"O":3,"M":2,"t":1770918646181,"i":"13360743196"},{"p":65758.4,"v":16,"T":2,"O":3,"M":2,"t":1770918646158,"i":"13360743185"},{"p":65758.5,"v":12,"T":1,"O":3,"M":1,"t":1770918646075,"i":"13360743170"},{"p":65758.4,"v":60,"T":2,"O":3,"M":2,"t":1770918645561,"i":"13360743132"},{"p":65758.5,"v":50,"T":1,"O":3,"M":2,"t":1770918645524,"i":"13360743131"},{"p":65758.5,"v":152,"T":1,"O":3,"M":2,"t":1770918645260,"i":"13360743111"},{"p":65758.4,"v":4,"T":2,"O":3,"M":1,"t":1770918645077,"i":"13360743066"},{"p":65758.5,"v":468,"T":1,"O":3,"M":2,"t":1770918644632,"i":"13360743035"},{"p":65758.4,"v":1,"T":2,"O":1,"M":2,"t":1770918644551,"i":"13360743016"},{"p":65758.4,"v":227,"T":2,"O":3,"M":2,"t":1770918644392,"i":"13360743013"},{"p":65758.5,"v":107,"T":1,"O":3,"M":2,"t":1770918644152,"i":"13360742961"},{"p":65758.4,"v":5,"T":2,"O":3,"M":1,"t":1770918644114,"i":"13360742942"},{"p":65758.4,"v":2,"T":2,"O":3,"M":1,"t":1770918644077,"i":"13360742934"},{"p":65758.4,"v":4,"T":2,"O":3,"M":1,"t":1770918644077,"i":"13360742933"},{"p":65758.5,"v":29,"T":1,"O":3,"M":2,"t":1770918643968,"i":"13360742926"},{"p":65758.4,"v":202,"T":2,"O":3,"M":2,"t":1770918643708,"i":"13360742911"},{"p":65760,"v":578,"T":2,"O":1,"M":2,"t":1770918643557,"i":"13360742883"},{"p":65760,"v":3,"T":2,"O":1,"M":2,"t":1770918643557,"i":"13360742882"},{"p":65760,"v":10,"T":2,"O":3,"M":2,"t":1770918643557,"i":"13360742881"},{"p":65760,"v":3,"T":2,"O":1,"M":2,"t":1770918643557,"i":"13360742880"},{"p":65760,"v":3,"T":2,"O":1,"M":2,"t":1770918643557,"i":"13360742879"},{"p":65760,"v":1,"T":2,"O":3,"M":2,"t":1770918643557,"i":"13360742878"},{"p":65760,"v":6,"T":2,"O":1,"M":2,"t":1770918643557,"i":"13360742877"},{"p":65760,"v":5,"T":2,"O":1,"M":2,"t":1770918643557,"i":"13360742876"},{"p":65760,"v":1,"T":2,"O":1,"M":2,"t":1770918643557,"i":"13360742875"},{"p":65761.8,"v":151,"T":1,"O":1,"M":2,"t":1770918643185,"i":"13360742837"},{"p":65760.1,"v":312,"T":2,"O":1,"M":2,"t":1770918643158,"i":"13360742826"},{"p":65761.7,"v":1,"T":2,"O":1,"M":2,"t":1770918643158,"i":"13360742825"},{"p":65761.8,"v":17,"T":1,"O":3,"M":1,"t":1770918643076,"i":"13360742808"},{"p":65762.5,"v":1748,"T":2,"O":3,"M":2,"t":1770918642666,"i":"13360742788"},{"p":65762.5,"v":813,"T":2,"O":1,"M":2,"t":1770918642666,"i":"13360742787"},{"p":65762.6,"v":69,"T":1,"O":3,"M":2,"t":1770918642665,"i":"13360742786"},{"p":65762.5,"v":2701,"T":2,"O":1,"M":2,"t":1770918642589,"i":"13360742782"},{"p":65762.5,"v":776,"T":2,"O":1,"M":2,"t":1770918642380,"i":"13360742760"},{"p":65762.8,"v":185,"T":2,"O":1,"M":2,"t":1770918642195,"i":"13360742717"},{"p":65762.7,"v":318,"T":2,"O":1,"M":2,"t":1770918642063,"i":"13360742691"},{"p":65762.9,"v":6,"T":2,"O":1,"M":2,"t":1770918642063,"i":"13360742690"},{"p":65765.4,"v":5,"T":2,"O":1,"M":2,"t":1770918642063,"i":"13360742689"},{"p":65765.5,"v":2,"T":2,"O":3,"M":2,"t":1770918642063,"i":"13360742688"},{"p":65767.5,"v":1,"T":2,"O":3,"M":2,"t":1770918642063,"i":"13360742687"},{"p":65769,"v":5,"T":2,"O":3,"M":2,"t":1770918642062,"i":"13360742686"},{"p":65770,"v":22,"T":2,"O":3,"M":2,"t":1770918641909,"i":"13360742676"},{"p":65771.8,"v":4,"T":2,"O":3,"M":2,"t":1770918641889,"i":"13360742675"},{"p":65773.3,"v":150,"T":1,"O":3,"M":2,"t":1770918641708,"i":"13360742660"},{"p":65775,"v":718,"T":2,"O":1,"M":2,"t":1770918641651,"i":"13360742649"},{"p":65777.4,"v":4,"T":1,"O":3,"M":1,"t":1770918641577,"i":"13360742628"},{"p":65777.4,"v":4,"T":1,"O":3,"M":1,"t":1770918641576,"i":"13360742627"},{"p":65777.4,"v":4,"T":2,"O":3,"M":1,"t":1770918641576,"i":"13360742626"},{"p":65777.4,"v":3,"T":2,"O":3,"M":1,"t":1770918641576,"i":"13360742624"},{"p":65777,"v":5,"T":2,"O":3,"M":2,"t":1770918641569,"i":"13360742621"},{"p":65777.4,"v":1,"T":2,"O":1,"M":2,"t":1770918641568,"i":"13360742620"},{"p":65777.5,"v":74,"T":1,"O":1,"M":2,"t":1770918641213,"i":"13360742591"},{"p":65777.4,"v":16,"T":2,"O":3,"M":1,"t":1770918641078,"i":"13360742551"}],"klines":{"1m":[{"ts":"2026-02-12T13:51:00Z","o":67995.5,"h":67995.6,"l":67942.6,"c":67979.4,"v":136200.0},{"ts":"2026-02-12T13:52:00Z","o":67979.4,"h":68029.9,"l":67968.3,"c":68012.3,"v":229668.0},{"ts":"2026-02-12T13:53:00Z","o":68012.3,"h":68084.4,"l":67998.4,"c":68044.1,"v":389753.0},{"ts":"2026-02-12T13:54:00Z","o":68044.1,"h":68072.9,"l":68005.8,"c":68022.8,"v":336285.0},{"ts":"2026-02-12T13:55:00Z","o":68022.8,"h":68095.2,"l":68017.1,"c":68082.7,"v":212973.0},{"ts":"2026-02-12T13:56:00Z","o":68082.7,"h":68109.9,"l":68082.7,"c":68107.5,"v":285918.0},{"ts":"2026-02-12T13:57:00Z","o":68107.5,"h":68230.0,"l":68107.5,"c":68230.0,"v":883997.0},{"ts":"2026-02-12T13:58:00Z","o":68230.0,"h":68366.6,"l":68230.0,"c":68312.5,"v":2040159.0},{"ts":"2026-02-12T13:59:00Z","o":68312.5,"h":68340.0,"l":68265.9,"c":68340.0,"v":624023.0},{"ts":"2026-02-12T14:00:00Z","o":68340.0,"h":68381.5,"l":68186.7,"c":68207.9,"v":936531.0},{"ts":"2026-02-12T14:01:00Z","o":68207.9,"h":68208.0,"l":68120.5,"c":68131.4,"v":722172.0},{"ts":"2026-02-12T14:02:00Z","o":68131.4,"h":68138.7,"l":68042.7,"c":68050.2,"v":679075.0},{"ts":"2026-02-12T14:03:00Z","o":68050.2,"h":68055.5,"l":67952.9,"c":67968.8,"v":764386.0},{"ts":"2026-02-12T14:04:00Z","o":67968.8,"h":67995.0,"l":67948.0,"c":67975.1,"v":651778.0},{"ts":"2026-02-12T14:05:00Z","o":67975.1,"h":67984.2,"l":67916.5,"c":67981.0,"v":475825.0},{"ts":"2026-02-12T14:06:00Z","o":67981.0,"h":67998.3,"l":67870.6,"c":67888.9,"v":754368.0},{"ts":"2026-02-12T14:07:00Z","o":67888.9,"h":67900.0,"l":67820.9,"c":67820.9,"v":837620.0},{"ts":"2026-02-12T14:08:00Z","o":67820.9,"h":67899.5,"l":67820.0,"c":67879.8,"v":629626.0},{"ts":"2026-02-12T14:09:00Z","o":67879.8,"h":67949.0,"l":67857.3,"c":67949.0,"v":387237.0},{"ts":"2026-02-12T14:10:00Z","o":67949.0,"h":68065.9,"l":67948.9,"c":68059.7,"v":957421.0},{"ts":"2026-02-12T14:11:00Z","o":68059.7,"h":68073.1,"l":68000.4,"c":68000.4,"v":333849.0},{"ts":"2026-02-12T14:12:00Z","o":68000.4,"h":68028.1,"l":67977.6,"c":67998.0,"v":425372.0},{"ts":"2026-02-12T14:13:00Z","o":67998.0,"h":68026.3,"l":67989.6,"c":68014.3,"v":284173.0},{"ts":"2026-02-12T14:14:00Z","o":68014.3,"h":68018.4,"l":67957.9,"c":67972.1,"v":373446.0},{"ts":"2026-02-12T14:15:00Z","o":67972.1,"h":67974.6,"l":67837.0,"c":67889.9,"v":933224.0},{"ts":"2026-02-12T14:16:00Z","o":67889.9,"h":67957.2,"l":67889.8,"c":67950.4,"v":521108.0},{"ts":"2026-02-12T14:17:00Z","o":67950.4,"h":67960.0,"l":67920.8,"c":67935.4,"v":165006.0},{"ts":"2026-02-12T14:18:00Z","o":67935.4,"h":67936.2,"l":67861.9,"c":67912.7,"v":628097.0},{"ts":"2026-02-12T14:19:00Z","o":67912.7,"h":67946.3,"l":67900.0,"c":67927.7,"v":604607.0},{"ts":"2026-02-12T14:20:00Z","o":67927.7,"h":67967.9,"l":67916.6,"c":67933.4,"v":425514.0},{"ts":"2026-02-12T14:21:00Z","o":67933.4,"h":68027.0,"l":67933.4,"c":67988.9,"v":469516.0},{"ts":"2026-02-12T14:22:00Z","o":67988.9,"h":68047.0,"l":67988.8,"c":68000.0,"v":383685.0},{"ts":"2026-02-12T14:23:00Z","o":68000.0,"h":68017.1,"l":67910.0,"c":67913.7,"v":676806.0},{"ts":"2026-02-12T14:24:00Z","o":67913.7,"h":67949.6,"l":67887.0,"c":67913.8,"v":925597.0},{"ts":"2026-02-12T14:25:00Z","o":67913.8,"h":67939.1,"l":67910.0,"c":67938.9,"v":119845.0},{"ts":"2026-02-12T14:26:00Z","o":67938.9,"h":67939.0,"l":67905.1,"c":67905.1,"v":237509.0},{"ts":"2026-02-12T14:27:00Z","o":67905.1,"h":67941.1,"l":67875.0,"c":67921.9,"v":236148.0},{"ts":"2026-02-12T14:28:00Z","o":67921.9,"h":67979.4,"l":67921.9,"c":67939.3,"v":347891.0},{"ts":"2026-02-12T14:29:00Z","o":67939.3,"h":67976.1,"l":67939.2,"c":67963.0,"v":274326.0},{"ts":"2026-02-12T14:30:00Z","o":67963.0,"h":68010.8,"l":67873.1,"c":67970.8,"v":550291.0},{"ts":"2026-02-12T14:31:00Z","o":67970.8,"h":68158.0,"l":67865.1,"c":68083.0,"v":1743580.0},{"ts":"2026-02-12T14:32:00Z","o":68083.0,"h":68249.3,"l":68083.0,"c":68209.2,"v":1494674.0},{"ts":"2026-02-12T14:33:00Z","o":68209.2,"h":68235.8,"l":68056.1,"c":68148.3,"v":720520.0},{"ts":"2026-02-12T14:34:00Z","o":68148.3,"h":68172.9,"l":68075.5,"c":68163.0,"v":372655.0},{"ts":"2026-02-12T14:35:00Z","o":68163.0,"h":68195.8,"l":67890.0,"c":67917.5,"v":2037146.0},{"ts":"2026-02-12T14:36:00Z","o":67917.5,"h":67944.0,"l":67742.0,"c":67762.6,"v":2206198.0},{"ts":"2026-02-12T14:37:00Z","o":67762.6,"h":67856.4,"l":67704.3,"c":67856.4,"v":1667515.0},{"ts":"2026-02-12T14:38:00Z","o":67856.4,"h":67968.0,"l":67812.1,"c":67845.2,"v":1509279.0},{"ts":"2026-02-12T14:39:00Z","o":67845.2,"h":67857.5,"l":67744.9,"c":67844.5,"v":803317.0},{"ts":"2026-02-12T14:40:00Z","o":67844.5,"h":68009.9,"l":67804.8,"c":67860.4,"v":1011295.0},{"ts":"2026-02-12T14:41:00Z","o":67860.4,"h":67945.2,"l":67854.9,"c":67900.9,"v":640015.0},{"ts":"2026-02-12T14:42:00Z","o":67900.9,"h":67900.9,"l":67739.9,"c":67750.9,"v":695762.0},{"ts":"2026-02-12T14:43:00Z","o":67750.9,"h":67793.0,"l":67669.0,"c":67752.9,"v":813036.0},{"ts":"2026-02-12T14:44:00Z","o":67752.9,"h":67764.6,"l":67567.9,"c":67587.1,"v":2034541.0},{"ts":"2026-02-12T14:45:00Z","o":67587.1,"h":67678.8,"l":67456.1,"c":67514.4,"v":1880797.0},{"ts":"2026-02-12T14:46:00Z","o":67514.4,"h":67606.1,"l":67453.0,"c":67587.7,"v":1317839.0},{"ts":"2026-02-12T14:47:00Z","o":67587.7,"h":67773.2,"l":67570.4,"c":67731.7,"v":1200202.0},{"ts":"2026-02-12T14:48:00Z","o":67731.7,"h":67750.0,"l":67597.0,"c":67612.7,"v":791679.0},{"ts":"2026-02-12T14:49:00Z","o":67612.7,"h":67691.4,"l":67578.3,"c":67600.5,"v":981970.0},{"ts":"2026-02-12T14:50:00Z","o":67600.5,"h":67812.4,"l":67584.4,"c":67773.8,"v":689244.0},{"ts":"2026-02-12T14:51:00Z","o":67773.8,"h":67875.0,"l":67640.3,"c":67691.7,"v":879763.0},{"ts":"2026-02-12T14:52:00Z","o":67691.7,"h":67772.8,"l":67676.3,"c":67751.8,"v":361402.0},{"ts":"2026-02-12T14:53:00Z","o":67751.8,"h":67925.2,"l":67740.1,"c":67878.2,"v":880683.0},{"ts":"2026-02-12T14:54:00Z","o":67878.2,"h":67968.3,"l":67871.1,"c":67951.0,"v":725713.0},{"ts":"2026-02-12T14:55:00Z","o":67951.0,"h":67961.1,"l":67839.5,"c":67854.2,"v":469524.0},{"ts":"2026-02-12T14:56:00Z","o":67854.2,"h":67874.0,"l":67773.7,"c":67785.8,"v":584719.0},{"ts":"2026-02-12T14:57:00Z","o":67785.8,"h":67785.8,"l":67703.2,"c":67719.2,"v":541989.0},{"ts":"2026-02-12T14:58:00Z","o":67719.2,"h":67722.9,"l":67675.0,"c":67709.3,"v":389036.0},{"ts":"2026-02-12T14:59:00Z","o":67709.3,"h":67712.4,"l":67533.9,"c":67546.6,"v":720304.0},{"ts":"2026-02-12T15:00:00Z","o":67546.6,"h":67633.0,"l":67543.2,"c":67580.1,"v":821888.0},{"ts":"2026-02-12T15:01:00Z","o":67580.1,"h":67729.1,"l":67502.6,"c":67709.1,"v":1146952.0},{"ts":"2026-02-12T15:02:00Z","o":67709.1,"h":67782.5,"l":67510.5,"c":67533.5,"v":1233005.0},{"ts":"2026-02-12T15:03:00Z","o":67533.5,"h":67659.7,"l":67515.3,"c":67571.2,"v":825289.0},{"ts":"2026-02-12T15:04:00Z","o":67571.2,"h":67583.2,"l":67234.3,"c":67268.5,"v":3064286.0},{"ts":"2026-02-12T15:05:00Z","o":67268.5,"h":67326.2,"l":67202.5,"c":67222.6,"v":2170594.0},{"ts":"2026-02-12T15:06:00Z","o":67222.6,"h":67310.0,"l":67110.1,"c":67280.1,"v":2913112.0},{"ts":"2026-02-12T15:07:00Z","o":67280.1,"h":67390.0,"l":67200.1,"c":67274.7,"v":1333500.0},{"ts":"2026-02-12T15:08:00Z","o":67274.7,"h":67310.8,"l":67088.0,"c":67108.6,"v":1117227.0},{"ts":"2026-02-12T15:09:00Z","o":67108.6,"h":67138.7,"l":67044.2,"c":67138.3,"v":1873165.0},{"ts":"2026-02-12T15:10:00Z","o":67138.3,"h":67233.6,"l":66968.2,"c":67191.8,"v":2229295.0},{"ts":"2026-02-12T15:11:00Z","o":67191.8,"h":67231.2,"l":67122.8,"c":67220.2,"v":736978.0},{"ts":"2026-02-12T15:12:00Z","o":67220.2,"h":67313.0,"l":67187.4,"c":67312.9,"v":1381204.0},{"ts":"2026-02-12T15:13:00Z","o":67312.9,"h":67379.9,"l":67294.7,"c":67328.1,"v":1033970.0},{"ts":"2026-02-12T15:14:00Z","o":67328.1,"h":67421.0,"l":67314.1,"c":67382.1,"v":2062841.0},{"ts":"2026-02-12T15:15:00Z","o":67382.1,"h":67483.9,"l":67319.6,"c":67381.0,"v":2682703.0},{"ts":"2026-02-12T15:16:00Z","o":67381.0,"h":67644.5,"l":67377.3,"c":67604.9,"v":1797609.0},{"ts":"2026-02-12T15:17:00Z","o":67604.9,"h":67627.9,"l":67520.9,"c":67545.1,"v":1037888.0},{"ts":"2026-02-12T15:18:00Z","o":67545.1,"h":67633.5,"l":67504.5,"c":67512.8,"v":1231218.0},{"ts":"2026-02-12T15:19:00Z","o":67512.8,"h":67599.0,"l":67441.4,"c":67441.4,"v":862243.0},{"ts":"2026-02-12T15:20:00Z","o":67441.4,"h":67651.8,"l":67441.4,"c":67609.0,"v":599931.0},{"ts":"2026-02-12T15:21:00Z","o":67609.0,"h":67664.0,"l":67508.9,"c":67511.8,"v":529881.0},{"ts":"2026-02-12T15:22:00Z","o":67511.8,"h":67873.3,"l":67508.0,"c":67831.2,"v":1714810.0},{"ts":"2026-02-12T15:23:00Z","o":67831.2,"h":67927.1,"l":67738.1,"c":67780.1,"v":1475574.0},{"ts":"2026-02-12T15:24:00Z","o":67780.1,"h":67837.6,"l":67741.8,"c":67779.6,"v":617859.0},{"ts":"2026-02-12T15:25:00Z","o":67779.6,"h":67852.0,"l":67750.0,"c":67750.1,"v":800044.0},{"ts":"2026-02-12T15:26:00Z","o":67750.1,"h":67779.5,"l":67699.0,"c":67739.9,"v":667720.0},{"ts":"2026-02-12T15:27:00Z","o":67739.9,"h":67774.6,"l":67641.9,"c":67668.5,"v":564868.0},{"ts":"2026-02-12T15:28:00Z","o":67668.5,"h":67858.0,"l":67667.1,"c":67839.3,"v":576192.0},{"ts":"2026-02-12T15:29:00Z","o":67839.3,"h":67848.6,"l":67756.4,"c":67821.6,"v":505863.0},{"ts":"2026-02-12T15:30:00Z","o":67821.6,"h":67971.2,"l":67776.8,"c":67931.2,"v":1273957.0},{"ts":"2026-02-12T15:31:00Z","o":67931.2,"h":67960.0,"l":67903.8,"c":67920.0,"v":640909.0},{"ts":"2026-02-12T15:32:00Z","o":67920.0,"h":67935.9,"l":67705.3,"c":67716.0,"v":1024565.0},{"ts":"2026-02-12T15:33:00Z","o":67716.0,"h":67726.4,"l":67611.9,"c":67635.6,"v":944303.0},{"ts":"2026-02-12T15:34:00Z","o":67635.6,"h":67647.8,"l":67573.3,"c":67617.5,"v":790770.0},{"ts":"2026-02-12T15:35:00Z","o":67617.5,"h":67650.0,"l":67565.0,"c":67622.0,"v":932440.0},{"ts":"2026-02-12T15:36:00Z","o":67622.0,"h":67622.0,"l":67493.2,"c":67598.9,"v":1161051.0},{"ts":"2026-02-12T15:37:00Z","o":67598.9,"h":67605.4,"l":67468.5,"c":67476.0,"v":369189.0},{"ts":"2026-02-12T15:38:00Z","o":67476.0,"h":67490.0,"l":67218.6,"c":67319.4,"v":2163006.0},{"ts":"2026-02-12T15:39:00Z","o":67319.4,"h":67332.9,"l":67250.5,"c":67305.0,"v":911838.0},{"ts":"2026-02-12T15:40:00Z","o":67305.0,"h":67389.4,"l":67223.0,"c":67283.6,"v":723781.0},{"ts":"2026-02-12T15:41:00Z","o":67283.6,"h":67349.7,"l":67247.1,"c":67252.7,"v":390520.0},{"ts":"2026-02-12T15:42:00Z","o":67252.7,"h":67398.2,"l":67214.5,"c":67388.2,"v":773485.0},{"ts":"2026-02-12T15:43:00Z","o":67388.2,"h":67444.9,"l":67358.8,"c":67426.0,"v":766149.0},{"ts":"2026-02-12T15:44:00Z","o":67426.0,"h":67450.0,"l":67350.0,"c":67371.8,"v":437693.0},{"ts":"2026-02-12T15:45:00Z","o":67371.8,"h":67486.5,"l":67285.1,"c":67486.0,"v":704979.0},{"ts":"2026-02-12T15:46:00Z","o":67486.0,"h":67513.3,"l":67373.4,"c":67382.2,"v":496361.0},{"ts":"2026-02-12T15:47:00Z","o":67382.2,"h":67435.0,"l":67355.4,"c":67360.1,"v":471947.0},{"ts":"2026-02-12T15:48:00Z","o":67360.1,"h":67443.9,"l":67290.0,"c":67327.1,"v":667668.0},{"ts":"2026-02-12T15:49:00Z","o":67327.1,"h":67488.9,"l":67320.2,"c":67443.1,"v":641714.0},{"ts":"2026-02-12T15:50:00Z","o":67443.1,"h":67485.0,"l":67365.1,"c":67365.1,"v":565809.0},{"ts":"2026-02-12T15:51:00Z","o":67365.1,"h":67478.3,"l":67326.2,"c":67458.5,"v":481156.0},{"ts":"2026-02-12T15:52:00Z","o":67458.5,"h":67465.9,"l":67318.6,"c":67344.6,"v":502982.0},{"ts":"2026-02-12T15:53:00Z","o":67344.6,"h":67345.4,"l":67247.8,"c":67250.4,"v":498321.0},{"ts":"2026-02-12T15:54:00Z","o":67250.4,"h":67275.4,"l":67111.0,"c":67111.0,"v":941678.0},{"ts":"2026-02-12T15:55:00Z","o":67111.0,"h":67173.6,"l":67061.3,"c":67129.1,"v":1417878.0},{"ts":"2026-02-12T15:56:00Z","o":67129.1,"h":67172.3,"l":67096.0,"c":67111.9,"v":534655.0},{"ts":"2026-02-12T15:57:00Z","o":67111.9,"h":67180.1,"l":67065.8,"c":67089.6,"v":591401.0},{"ts":"2026-02-12T15:58:00Z","o":67089.6,"h":67141.6,"l":67074.0,"c":67114.8,"v":385251.0},{"ts":"2026-02-12T15:59:00Z","o":67114.8,"h":67115.7,"l":67033.6,"c":67103.5,"v":906621.0},{"ts":"2026-02-12T16:00:00Z","o":67103.5,"h":67211.1,"l":67076.5,"c":67184.6,"v":678021.0},{"ts":"2026-02-12T16:01:00Z","o":67184.6,"h":67184.6,"l":67014.5,"c":67054.0,"v":895824.0},{"ts":"2026-02-12T16:02:00Z","o":67054.0,"h":67074.0,"l":66939.7,"c":67042.7,"v":1961632.0},{"ts":"2026-02-12T16:03:00Z","o":67042.7,"h":67128.1,"l":67006.1,"c":67109.3,"v":536072.0},{"ts":"2026-02-12T16:04:00Z","o":67109.3,"h":67191.6,"l":67053.6,"c":67180.0,"v":533310.0},{"ts":"2026-02-12T16:05:00Z","o":67180.0,"h":67208.6,"l":66896.9,"c":66908.1,"v":1259216.0},{"ts":"2026-02-12T16:06:00Z","o":66908.1,"h":66918.8,"l":66812.8,"c":66861.1,"v":1843548.0},{"ts":"2026-02-12T16:07:00Z","o":66861.1,"h":66864.0,"l":66528.0,"c":66671.5,"v":5400436.0},{"ts":"2026-02-12T16:08:00Z","o":66671.5,"h":66678.4,"l":66573.9,"c":66634.2,"v":1540436.0},{"ts":"2026-02-12T16:09:00Z","o":66634.2,"h":66781.0,"l":66624.7,"c":66665.0,"v":941430.0},{"ts":"2026-02-12T16:10:00Z","o":66665.0,"h":66840.2,"l":66600.0,"c":66602.1,"v":1470264.0},{"ts":"2026-02-12T16:11:00Z","o":66602.1,"h":66620.8,"l":66518.0,"c":66529.3,"v":1347466.0},{"ts":"2026-02-12T16:12:00Z","o":66529.3,"h":66638.4,"l":66460.7,"c":66637.4,"v":1916804.0},{"ts":"2026-02-12T16:13:00Z","o":66637.4,"h":66686.5,"l":66528.8,"c":66576.4,"v":811941.0},{"ts":"2026-02-12T16:14:00Z","o":66576.4,"h":66639.9,"l":66465.0,"c":66522.8,"v":1026366.0},{"ts":"2026-02-12T16:15:00Z","o":66522.8,"h":66561.1,"l":66418.5,"c":66520.3,"v":942282.0},{"ts":"2026-02-12T16:16:00Z","o":66520.3,"h":66638.0,"l":66501.1,"c":66580.8,"v":947193.0},{"ts":"2026-02-12T16:17:00Z","o":66580.8,"h":66762.3,"l":66565.0,"c":66657.8,"v":1150356.0},{"ts":"2026-02-12T16:18:00Z","o":66657.8,"h":66710.6,"l":66514.2,"c":66534.0,"v":734445.0},{"ts":"2026-02-12T16:19:00Z","o":66534.0,"h":66581.1,"l":66511.0,"c":66524.0,"v":308900.0},{"ts":"2026-02-12T16:20:00Z","o":66524.0,"h":66606.2,"l":66371.0,"c":66373.9,"v":1226265.0},{"ts":"2026-02-12T16:21:00Z","o":66373.9,"h":66450.0,"l":66300.1,"c":66300.2,"v":1220674.0},{"ts":"2026-02-12T16:22:00Z","o":66300.2,"h":66335.0,"l":66171.6,"c":66194.2,"v":1606894.0},{"ts":"2026-02-12T16:23:00Z","o":66194.2,"h":66390.2,"l":66183.7,"c":66354.3,"v":1419205.0},{"ts":"2026-02-12T16:24:00Z","o":66354.3,"h":66440.0,"l":66230.0,"c":66268.4,"v":1069455.0},{"ts":"2026-02-12T16:25:00Z","o":66268.4,"h":66362.5,"l":66200.0,"c":66205.9,"v":628109.0},{"ts":"2026-02-12T16:26:00Z","o":66205.9,"h":66265.0,"l":66152.9,"c":66179.0,"v":746486.0},{"ts":"2026-02-12T16:27:00Z","o":66179.0,"h":66229.6,"l":66128.3,"c":66159.0,"v":1414570.0},{"ts":"2026-02-12T16:28:00Z","o":66159.0,"h":66168.9,"l":66010.0,"c":66023.6,"v":1493376.0},{"ts":"2026-02-12T16:29:00Z","o":66023.6,"h":66046.0,"l":65960.0,"c":66034.3,"v":1666211.0},{"ts":"2026-02-12T16:30:00Z","o":66034.3,"h":66127.7,"l":65988.8,"c":66062.4,"v":935040.0},{"ts":"2026-02-12T16:31:00Z","o":66062.4,"h":66163.4,"l":65907.4,"c":65926.6,"v":1711051.0},{"ts":"2026-02-12T16:32:00Z","o":65926.6,"h":66099.9,"l":65909.5,"c":66040.0,"v":984045.0},{"ts":"2026-02-12T16:33:00Z","o":66040.0,"h":66077.6,"l":65950.5,"c":65976.4,"v":708221.0},{"ts":"2026-02-12T16:34:00Z","o":65976.4,"h":66150.0,"l":65944.2,"c":66150.0,"v":1892239.0},{"ts":"2026-02-12T16:35:00Z","o":66150.0,"h":66324.5,"l":66150.0,"c":66272.2,"v":1627902.0},{"ts":"2026-02-12T16:36:00Z","o":66272.2,"h":66483.3,"l":66250.0,"c":66482.0,"v":3124349.0},{"ts":"2026-02-12T16:37:00Z","o":66482.0,"h":66505.9,"l":66351.0,"c":66361.9,"v":1063937.0},{"ts":"2026-02-12T16:38:00Z","o":66361.9,"h":66433.4,"l":66240.0,"c":66294.2,"v":721609.0},{"ts":"2026-02-12T16:39:00Z","o":66294.2,"h":66402.5,"l":66294.2,"c":66331.1,"v":285561.0},{"ts":"2026-02-12T16:40:00Z","o":66331.1,"h":66397.8,"l":66291.2,"c":66309.6,"v":189392.0},{"ts":"2026-02-12T16:41:00Z","o":66309.6,"h":66450.8,"l":66309.6,"c":66440.8,"v":456064.0},{"ts":"2026-02-12T16:42:00Z","o":66440.8,"h":66510.4,"l":66383.9,"c":66388.5,"v":883989.0},{"ts":"2026-02-12T16:43:00Z","o":66388.5,"h":66427.9,"l":66276.2,"c":66340.1,"v":832464.0},{"ts":"2026-02-12T16:44:00Z","o":66340.1,"h":66343.2,"l":66226.8,"c":66243.1,"v":1258665.0},{"ts":"2026-02-12T16:45:00Z","o":66243.1,"h":66338.0,"l":66233.0,"c":66259.7,"v":931691.0},{"ts":"2026-02-12T16:46:00Z","o":66259.7,"h":66327.4,"l":66045.7,"c":66055.1,"v":1325109.0},{"ts":"2026-02-12T16:47:00Z","o":66055.1,"h":66229.1,"l":66055.0,"c":66119.1,"v":503199.0},{"ts":"2026-02-12T16:48:00Z","o":66119.1,"h":66167.8,"l":66043.0,"c":66071.7,"v":567342.0},{"ts":"2026-02-12T16:49:00Z","o":66071.7,"h":66143.4,"l":65990.8,"c":66137.8,"v":621262.0},{"ts":"2026-02-12T16:50:00Z","o":66137.8,"h":66187.4,"l":66072.4,"c":66108.4,"v":450274.0},{"ts":"2026-02-12T16:51:00Z","o":66108.4,"h":66165.6,"l":66000.0,"c":66020.8,"v":526238.0},{"ts":"2026-02-12T16:52:00Z","o":66020.8,"h":66042.1,"l":65908.3,"c":65994.3,"v":961323.0},{"ts":"2026-02-12T16:53:00Z","o":65994.3,"h":65994.3,"l":65543.8,"c":65583.9,"v":5742070.0},{"ts":"2026-02-12T16:54:00Z","o":65583.9,"h":65666.0,"l":65522.2,"c":65599.7,"v":1389960.0},{"ts":"2026-02-12T16:55:00Z","o":65599.7,"h":65715.4,"l":65570.0,"c":65715.4,"v":1067410.0},{"ts":"2026-02-12T16:56:00Z","o":65715.4,"h":65831.9,"l":65715.4,"c":65794.7,"v":799809.0},{"ts":"2026-02-12T16:57:00Z","o":65794.7,"h":65853.5,"l":65672.7,"c":65802.6,"v":1155893.0},{"ts":"2026-02-12T16:58:00Z","o":65802.6,"h":65837.2,"l":65760.0,"c":65827.4,"v":453423.0},{"ts":"2026-02-12T16:59:00Z","o":65827.4,"h":65840.0,"l":65721.8,"c":65826.2,"v":424900.0},{"ts":"2026-02-12T17:00:00Z","o":65826.2,"h":65847.3,"l":65676.5,"c":65682.6,"v":727022.0},{"ts":"2026-02-12T17:01:00Z","o":65682.6,"h":65825.7,"l":65666.0,"c":65755.8,"v":598073.0},{"ts":"2026-02-12T17:02:00Z","o":65755.8,"h":65939.1,"l":65747.5,"c":65939.1,"v":782577.0},{"ts":"2026-02-12T17:03:00Z","o":65939.1,"h":65965.0,"l":65835.4,"c":65844.2,"v":985762.0},{"ts":"2026-02-12T17:04:00Z","o":65844.2,"h":65923.5,"l":65802.6,"c":65843.1,"v":661782.0},{"ts":"2026-02-12T17:05:00Z","o":65843.1,"h":65893.2,"l":65651.0,"c":65652.9,"v":620912.0},{"ts":"2026-02-12T17:06:00Z","o":65652.9,"h":65815.1,"l":65638.7,"c":65778.3,"v":463377.0},{"ts":"2026-02-12T17:07:00Z","o":65778.3,"h":65960.0,"l":65765.4,"c":65945.2,"v":445343.0},{"ts":"2026-02-12T17:08:00Z","o":65945.2,"h":65970.5,"l":65860.0,"c":65899.4,"v":488639.0},{"ts":"2026-02-12T17:09:00Z","o":65899.4,"h":65959.0,"l":65874.4,"c":65914.4,"v":770954.0},{"ts":"2026-02-12T17:10:00Z","o":65914.4,"h":65920.9,"l":65821.4,"c":65866.6,"v":334916.0},{"ts":"2026-02-12T17:11:00Z","o":65866.6,"h":65871.6,"l":65682.1,"c":65691.3,"v":504779.0},{"ts":"2026-02-12T17:12:00Z","o":65691.3,"h":65717.2,"l":65603.0,"c":65611.1,"v":789169.0},{"ts":"2026-02-12T17:13:00Z","o":65611.1,"h":65689.7,"l":65530.0,"c":65689.7,"v":771407.0},{"ts":"2026-02-12T17:14:00Z","o":65689.7,"h":65768.7,"l":65630.9,"c":65710.7,"v":569537.0},{"ts":"2026-02-12T17:15:00Z","o":65710.7,"h":65738.9,"l":65654.5,"c":65677.0,"v":425737.0},{"ts":"2026-02-12T17:16:00Z","o":65677.0,"h":65846.0,"l":65656.0,"c":65845.3,"v":473233.0},{"ts":"2026-02-12T17:17:00Z","o":65845.3,"h":65845.4,"l":65718.6,"c":65734.3,"v":333940.0},{"ts":"2026-02-12T17:18:00Z","o":65734.3,"h":65745.5,"l":65583.0,"c":65644.9,"v":509324.0},{"ts":"2026-02-12T17:19:00Z","o":65644.9,"h":65731.9,"l":65598.6,"c":65607.0,"v":342922.0},{"ts":"2026-02-12T17:20:00Z","o":65607.0,"h":65866.6,"l":65607.0,"c":65864.2,"v":635110.0},{"ts":"2026-02-12T17:21:00Z","o":65864.2,"h":65970.3,"l":65854.7,"c":65961.1,"v":836423.0},{"ts":"2026-02-12T17:22:00Z","o":65961.1,"h":65975.0,"l":65889.9,"c":65959.3,"v":382540.0},{"ts":"2026-02-12T17:23:00Z","o":65959.3,"h":66059.8,"l":65959.3,"c":65989.9,"v":773026.0},{"ts":"2026-02-12T17:24:00Z","o":65989.9,"h":66060.6,"l":65920.7,"c":66060.6,"v":659550.0},{"ts":"2026-02-12T17:25:00Z","o":66060.6,"h":66061.2,"l":65971.2,"c":65990.9,"v":682210.0},{"ts":"2026-02-12T17:26:00Z","o":65990.9,"h":66085.2,"l":65978.0,"c":66071.8,"v":577411.0},{"ts":"2026-02-12T17:27:00Z","o":66071.8,"h":66133.8,"l":66062.2,"c":66106.1,"v":784261.0},{"ts":"2026-02-12T17:28:00Z","o":66106.1,"h":66234.5,"l":66106.0,"c":66147.5,"v":1326198.0},{"ts":"2026-02-12T17:29:00Z","o":66147.5,"h":66148.9,"l":66016.8,"c":66096.7,"v":511353.0},{"ts":"2026-02-12T17:30:00Z","o":66096.7,"h":66110.9,"l":65966.4,"c":65995.5,"v":489674.0},{"ts":"2026-02-12T17:31:00Z","o":65995.5,"h":66060.7,"l":65929.3,"c":65944.2,"v":430528.0},{"ts":"2026-02-12T17:32:00Z","o":65944.2,"h":65976.8,"l":65879.1,"c":65896.3,"v":527326.0},{"ts":"2026-02-12T17:33:00Z","o":65896.3,"h":65962.7,"l":65815.8,"c":65953.3,"v":703414.0},{"ts":"2026-02-12T17:34:00Z","o":65953.3,"h":66002.2,"l":65883.3,"c":65922.8,"v":519165.0},{"ts":"2026-02-12T17:35:00Z","o":65922.8,"h":65995.9,"l":65877.0,"c":65882.3,"v":277577.0},{"ts":"2026-02-12T17:36:00Z","o":65882.3,"h":65916.5,"l":65806.3,"c":65862.2,"v":426991.0},{"ts":"2026-02-12T17:37:00Z","o":65862.2,"h":66030.0,"l":65859.2,"c":66018.0,"v":465389.0},{"ts":"2026-02-12T17:38:00Z","o":66018.0,"h":66177.1,"l":65996.5,"c":66001.7,"v":726666.0},{"ts":"2026-02-12T17:39:00Z","o":66001.7,"h":66040.2,"l":65894.0,"c":65933.0,"v":591299.0},{"ts":"2026-02-12T17:40:00Z","o":65933.0,"h":66009.9,"l":65881.3,"c":65992.4,"v":334158.0},{"ts":"2026-02-12T17:41:00Z","o":65992.4,"h":66026.5,"l":65912.0,"c":65925.8,"v":264690.0},{"ts":"2026-02-12T17:42:00Z","o":65925.8,"h":65975.3,"l":65900.0,"c":65955.3,"v":190914.0},{"ts":"2026-02-12T17:43:00Z","o":65955.3,"h":65991.9,"l":65918.3,"c":65918.3,"v":158518.0},{"ts":"2026-02-12T17:44:00Z","o":65918.3,"h":65991.5,"l":65909.9,"c":65951.2,"v":267800.0},{"ts":"2026-02-12T17:45:00Z","o":65951.2,"h":65996.0,"l":65930.0,"c":65990.5,"v":244370.0},{"ts":"2026-02-12T17:46:00Z","o":65990.5,"h":66022.6,"l":65776.6,"c":65802.1,"v":524741.0},{"ts":"2026-02-12T17:47:00Z","o":65802.1,"h":65869.6,"l":65783.1,"c":65860.0,"v":353343.0},{"ts":"2026-02-12T17:48:00Z","o":65860.0,"h":65880.0,"l":65770.7,"c":65770.9,"v":208829.0},{"ts":"2026-02-12T17:49:00Z","o":65770.9,"h":65821.4,"l":65740.0,"c":65783.5,"v":350373.0},{"ts":"2026-02-12T17:50:00Z","o":65783.5,"h":65895.0,"l":65758.4,"c":65758.4,"v":451519.0}],"5m":[{"ts":"2026-02-12T07:55:00Z","o":67085.0,"h":67203.4,"l":67077.4,"c":67181.5,"v":1110292.0},{"ts":"2026-02-12T08:00:00Z","o":67181.5,"h":67268.1,"l":67141.8,"c":67146.9,"v":1682716.0},{"ts":"2026-02-12T08:05:00Z","o":67146.9,"h":67306.6,"l":67050.6,"c":67269.7,"v":2039443.0},{"ts":"2026-02-12T08:10:00Z","o":67269.7,"h":67270.5,"l":67166.8,"c":67216.3,"v":723670.0},{"ts":"2026-02-12T08:15:00Z","o":67216.3,"h":67216.3,"l":67034.6,"c":67041.9,"v":1343925.0},{"ts":"2026-02-12T08:20:00Z","o":67041.9,"h":67091.9,"l":66982.5,"c":67050.4,"v":1736362.0},{"ts":"2026-02-12T08:25:00Z","o":67050.4,"h":67050.4,"l":66859.5,"c":66896.2,"v":1897797.0},{"ts":"2026-02-12T08:30:00Z","o":66896.2,"h":66980.0,"l":66878.3,"c":66943.9,"v":1238748.0},{"ts":"2026-02-12T08:35:00Z","o":66943.9,"h":67014.5,"l":66918.5,"c":66957.5,"v":1090409.0},{"ts":"2026-02-12T08:40:00Z","o":66957.5,"h":67038.0,"l":66942.7,"c":66942.8,"v":1157654.0},{"ts":"2026-02-12T08:45:00Z","o":66942.8,"h":67006.5,"l":66942.7,"c":66970.1,"v":1126384.0},{"ts":"2026-02-12T08:50:00Z","o":66970.1,"h":67077.0,"l":66970.0,"c":67076.9,"v":913328.0},{"ts":"2026-02-12T08:55:00Z","o":67076.9,"h":67127.9,"l":67048.1,"c":67107.3,"v":1042026.0},{"ts":"2026-02-12T09:00:00Z","o":67107.3,"h":67114.5,"l":67015.5,"c":67100.0,"v":1228324.0},{"ts":"2026-02-12T09:05:00Z","o":67100.0,"h":67100.0,"l":67012.2,"c":67036.1,"v":609198.0},{"ts":"2026-02-12T09:10:00Z","o":67036.1,"h":67199.2,"l":67028.6,"c":67158.8,"v":2250542.0},{"ts":"2026-02-12T09:15:00Z","o":67158.8,"h":67233.5,"l":67131.5,"c":67187.5,"v":1090451.0},{"ts":"2026-02-12T09:20:00Z","o":67187.5,"h":67259.0,"l":67177.2,"c":67245.4,"v":1544598.0},{"ts":"2026-02-12T09:25:00Z","o":67245.4,"h":67293.4,"l":67196.6,"c":67263.0,"v":2090243.0},{"ts":"2026-02-12T09:30:00Z","o":67263.0,"h":67439.1,"l":67213.7,"c":67428.1,"v":2733826.0},{"ts":"2026-02-12T09:35:00Z","o":67428.1,"h":67437.7,"l":67325.7,"c":67340.9,"v":1304543.0},{"ts":"2026-02-12T09:40:00Z","o":67340.9,"h":67424.2,"l":67331.0,"c":67388.6,"v":946472.0},{"ts":"2026-02-12T09:45:00Z","o":67388.6,"h":67428.7,"l":67321.9,"c":67339.8,"v":1412394.0},{"ts":"2026-02-12T09:50:00Z","o":67339.8,"h":67531.2,"l":67320.0,"c":67471.5,"v":2489936.0},{"ts":"2026-02-12T09:55:00Z","o":67471.5,"h":67680.0,"l":67461.3,"c":67517.7,"v":3263672.0},{"ts":"2026-02-12T10:00:00Z","o":67517.7,"h":67580.0,"l":67480.0,"c":67519.9,"v":1665786.0},{"ts":"2026-02-12T10:05:00Z","o":67519.9,"h":67597.9,"l":67491.6,"c":67506.5,"v":1096283.0},{"ts":"2026-02-12T10:10:00Z","o":67506.5,"h":67539.6,"l":67449.9,"c":67539.0,"v":1076315.0},{"ts":"2026-02-12T10:15:00Z","o":67539.0,"h":67539.0,"l":67438.0,"c":67469.4,"v":1052021.0},{"ts":"2026-02-12T10:20:00Z","o":67469.4,"h":67494.2,"l":67381.8,"c":67389.5,"v":1558878.0},{"ts":"2026-02-12T10:25:00Z","o":67389.5,"h":67582.3,"l":67389.5,"c":67580.9,"v":1545187.0},{"ts":"2026-02-12T10:30:00Z","o":67580.9,"h":67819.7,"l":67576.1,"c":67702.7,"v":3522631.0},{"ts":"2026-02-12T10:35:00Z","o":67702.7,"h":67777.0,"l":67666.8,"c":67706.9,"v":1347747.0},{"ts":"2026-02-12T10:40:00Z","o":67706.9,"h":67710.1,"l":67606.8,"c":67635.9,"v":1146382.0},{"ts":"2026-02-12T10:45:00Z","o":67635.9,"h":67874.9,"l":67621.7,"c":67810.0,"v":2784741.0},{"ts":"2026-02-12T10:50:00Z","o":67810.0,"h":67883.0,"l":67755.8,"c":67867.2,"v":1564351.0},{"ts":"2026-02-12T10:55:00Z","o":67867.2,"h":67994.4,"l":67817.7,"c":67978.0,"v":3230184.0},{"ts":"2026-02-12T11:00:00Z","o":67978.0,"h":68090.1,"l":67902.0,"c":68015.6,"v":4287113.0},{"ts":"2026-02-12T11:05:00Z","o":68015.6,"h":68076.9,"l":67892.2,"c":67909.4,"v":2508445.0},{"ts":"2026-02-12T11:10:00Z","o":67909.4,"h":67909.5,"l":67707.6,"c":67874.1,"v":2490483.0},{"ts":"2026-02-12T11:15:00Z","o":67874.1,"h":67984.0,"l":67799.4,"c":67907.1,"v":2336493.0},{"ts":"2026-02-12T11:20:00Z","o":67907.1,"h":68066.6,"l":67905.7,"c":68065.7,"v":2611127.0},{"ts":"2026-02-12T11:25:00Z","o":68065.7,"h":68228.4,"l":67992.9,"c":68170.3,"v":3477459.0},{"ts":"2026-02-12T11:30:00Z","o":68170.3,"h":68257.9,"l":68075.2,"c":68141.3,"v":2653723.0},{"ts":"2026-02-12T11:35:00Z","o":68141.3,"h":68141.3,"l":68045.0,"c":68103.3,"v":1430850.0},{"ts":"2026-02-12T11:40:00Z","o":68103.3,"h":68106.0,"l":67999.9,"c":68057.0,"v":1174011.0},{"ts":"2026-02-12T11:45:00Z","o":68057.0,"h":68083.0,"l":67995.3,"c":68051.7,"v":1113385.0},{"ts":"2026-02-12T11:50:00Z","o":68051.7,"h":68130.5,"l":67970.8,"c":68075.7,"v":2052923.0},{"ts":"2026-02-12T11:55:00Z","o":68075.7,"h":68139.6,"l":68035.3,"c":68035.3,"v":1311020.0},{"ts":"2026-02-12T12:00:00Z","o":68035.3,"h":68125.8,"l":67900.1,"c":67900.4,"v":2356771.0},{"ts":"2026-02-12T12:05:00Z","o":67900.4,"h":67948.9,"l":67850.0,"c":67903.4,"v":2450295.0},{"ts":"2026-02-12T12:10:00Z","o":67903.4,"h":68015.1,"l":67896.0,"c":67988.6,"v":1369601.0},{"ts":"2026-02-12T12:15:00Z","o":67988.6,"h":68005.0,"l":67869.8,"c":67891.5,"v":2174053.0},{"ts":"2026-02-12T12:20:00Z","o":67891.5,"h":67949.8,"l":67823.4,"c":67828.6,"v":1402169.0},{"ts":"2026-02-12T12:25:00Z","o":67828.6,"h":67979.4,"l":67825.4,"c":67948.7,"v":1266082.0},{"ts":"2026-02-12T12:30:00Z","o":67948.7,"h":67966.9,"l":67838.0,"c":67844.2,"v":957143.0},{"ts":"2026-02-12T12:35:00Z","o":67844.2,"h":67883.6,"l":67816.4,"c":67866.7,"v":844283.0},{"ts":"2026-02-12T12:40:00Z","o":67866.7,"h":67932.7,"l":67815.6,"c":67839.8,"v":1144584.0},{"ts":"2026-02-12T12:45:00Z","o":67839.8,"h":67881.1,"l":67755.8,"c":67881.0,"v":1489463.0},{"ts":"2026-02-12T12:50:00Z","o":67881.0,"h":67913.2,"l":67725.4,"c":67754.8,"v":1722187.0},{"ts":"2026-02-12T12:55:00Z","o":67754.8,"h":67837.5,"l":67684.8,"c":67832.5,"v":2454833.0},{"ts":"2026-02-12T13:00:00Z","o":67832.5,"h":67853.9,"l":67708.5,"c":67733.6,"v":1260706.0},{"ts":"2026-02-12T13:05:00Z","o":67733.6,"h":67791.3,"l":67646.1,"c":67784.4,"v":1911875.0},{"ts":"2026-02-12T13:10:00Z","o":67784.4,"h":67834.5,"l":67751.1,"c":67814.9,"v":1446592.0},{"ts":"2026-02-12T13:15:00Z","o":67814.9,"h":68033.5,"l":67803.2,"c":67960.0,"v":3309577.0},{"ts":"2026-02-12T13:20:00Z","o":67960.0,"h":68003.6,"l":67910.0,"c":67910.0,"v":1091384.0},{"ts":"2026-02-12T13:25:00Z","o":67910.0,"h":67910.1,"l":67649.4,"c":67733.2,"v":3646477.0},{"ts":"2026-02-12T13:30:00Z","o":67733.2,"h":67965.5,"l":67691.5,"c":67920.2,"v":3082975.0},{"ts":"2026-02-12T13:35:00Z","o":67920.2,"h":67950.0,"l":67859.4,"c":67897.7,"v":1815016.0},{"ts":"2026-02-12T13:40:00Z","o":67897.7,"h":68129.0,"l":67897.6,"c":68081.4,"v":3182920.0},{"ts":"2026-02-12T13:45:00Z","o":68081.4,"h":68116.5,"l":67937.5,"c":67969.7,"v":1835830.0},{"ts":"2026-02-12T13:50:00Z","o":67969.7,"h":68084.4,"l":67942.6,"c":68022.8,"v":1230623.0},{"ts":"2026-02-12T13:55:00Z","o":68022.8,"h":68366.6,"l":68017.1,"c":68340.0,"v":4047070.0},{"ts":"2026-02-12T14:00:00Z","o":68340.0,"h":68381.5,"l":67948.0,"c":67975.1,"v":3753942.0},{"ts":"2026-02-12T14:05:00Z","o":67975.1,"h":67998.3,"l":67820.0,"c":67949.0,"v":3084676.0},{"ts":"2026-02-12T14:10:00Z","o":67949.0,"h":68073.1,"l":67948.9,"c":67972.1,"v":2374261.0},{"ts":"2026-02-12T14:15:00Z","o":67972.1,"h":67974.6,"l":67837.0,"c":67927.7,"v":2852042.0},{"ts":"2026-02-12T14:20:00Z","o":67927.7,"h":68047.0,"l":67887.0,"c":67913.8,"v":2881118.0},{"ts":"2026-02-12T14:25:00Z","o":67913.8,"h":67979.4,"l":67875.0,"c":67963.0,"v":1215719.0},{"ts":"2026-02-12T14:30:00Z","o":67963.0,"h":68249.3,"l":67865.1,"c":68163.0,"v":4881720.0},{"ts":"2026-02-12T14:35:00Z","o":68163.0,"h":68195.8,"l":67704.3,"c":67844.5,"v":8223455.0},{"ts":"2026-02-12T14:40:00Z","o":67844.5,"h":68009.9,"l":67567.9,"c":67587.1,"v":5194649.0},{"ts":"2026-02-12T14:45:00Z","o":67587.1,"h":67773.2,"l":67453.0,"c":67600.5,"v":6172487.0},{"ts":"2026-02-12T14:50:00Z","o":67600.5,"h":67968.3,"l":67584.4,"c":67951.0,"v":3536805.0},{"ts":"2026-02-12T14:55:00Z","o":67951.0,"h":67961.1,"l":67533.9,"c":67546.6,"v":2705572.0},{"ts":"2026-02-12T15:00:00Z","o":67546.6,"h":67782.5,"l":67234.3,"c":67268.5,"v":7091420.0},{"ts":"2026-02-12T15:05:00Z","o":67268.5,"h":67390.0,"l":67044.2,"c":67138.3,"v":9407598.0},{"ts":"2026-02-12T15:10:00Z","o":67138.3,"h":67421.0,"l":66968.2,"c":67382.1,"v":7444288.0},{"ts":"2026-02-12T15:15:00Z","o":67382.1,"h":67644.5,"l":67319.6,"c":67441.4,"v":7611661.0},{"ts":"2026-02-12T15:20:00Z","o":67441.4,"h":67927.1,"l":67441.4,"c":67779.6,"v":4938055.0},{"ts":"2026-02-12T15:25:00Z","o":67779.6,"h":67858.0,"l":67641.9,"c":67821.6,"v":3114687.0},{"ts":"2026-02-12T15:30:00Z","o":67821.6,"h":67971.2,"l":67573.3,"c":67617.5,"v":4674504.0},{"ts":"2026-02-12T15:35:00Z","o":67617.5,"h":67650.0,"l":67218.6,"c":67305.0,"v":5537524.0},{"ts":"2026-02-12T15:40:00Z","o":67305.0,"h":67450.0,"l":67214.5,"c":67371.8,"v":3091628.0},{"ts":"2026-02-12T15:45:00Z","o":67371.8,"h":67513.3,"l":67285.1,"c":67443.1,"v":2982669.0},{"ts":"2026-02-12T15:50:00Z","o":67443.1,"h":67485.0,"l":67111.0,"c":67111.0,"v":2989946.0},{"ts":"2026-02-12T15:55:00Z","o":67111.0,"h":67180.1,"l":67033.6,"c":67103.5,"v":3835806.0},{"ts":"2026-02-12T16:00:00Z","o":67103.5,"h":67211.1,"l":66939.7,"c":67180.0,"v":4604859.0},{"ts":"2026-02-12T16:05:00Z","o":67180.0,"h":67208.6,"l":66528.0,"c":66665.0,"v":10985066.0},{"ts":"2026-02-12T16:10:00Z","o":66665.0,"h":66840.2,"l":66460.7,"c":66522.8,"v":6572841.0},{"ts":"2026-02-12T16:15:00Z","o":66522.8,"h":66762.3,"l":66418.5,"c":66524.0,"v":4083176.0},{"ts":"2026-02-12T16:20:00Z","o":66524.0,"h":66606.2,"l":66171.6,"c":66268.4,"v":6542493.0},{"ts":"2026-02-12T16:25:00Z","o":66268.4,"h":66362.5,"l":65960.0,"c":66034.3,"v":5948752.0},{"ts":"2026-02-12T16:30:00Z","o":66034.3,"h":66163.4,"l":65907.4,"c":66150.0,"v":6230596.0},{"ts":"2026-02-12T16:35:00Z","o":66150.0,"h":66505.9,"l":66150.0,"c":66331.1,"v":6823358.0},{"ts":"2026-02-12T16:40:00Z","o":66331.1,"h":66510.4,"l":66226.8,"c":66243.1,"v":3620574.0},{"ts":"2026-02-12T16:45:00Z","o":66243.1,"h":66338.0,"l":65990.8,"c":66137.8,"v":3948603.0},{"ts":"2026-02-12T16:50:00Z","o":66137.8,"h":66187.4,"l":65522.2,"c":65599.7,"v":9069865.0},{"ts":"2026-02-12T16:55:00Z","o":65599.7,"h":65853.5,"l":65570.0,"c":65826.2,"v":3901435.0},{"ts":"2026-02-12T17:00:00Z","o":65826.2,"h":65965.0,"l":65666.0,"c":65843.1,"v":3755216.0},{"ts":"2026-02-12T17:05:00Z","o":65843.1,"h":65970.5,"l":65638.7,"c":65914.4,"v":2789225.0},{"ts":"2026-02-12T17:10:00Z","o":65914.4,"h":65920.9,"l":65530.0,"c":65710.7,"v":2969808.0},{"ts":"2026-02-12T17:15:00Z","o":65710.7,"h":65846.0,"l":65583.0,"c":65607.0,"v":2085156.0},{"ts":"2026-02-12T17:20:00Z","o":65607.0,"h":66060.6,"l":65607.0,"c":66060.6,"v":3286649.0},{"ts":"2026-02-12T17:25:00Z","o":66060.6,"h":66234.5,"l":65971.2,"c":66096.7,"v":3881433.0},{"ts":"2026-02-12T17:30:00Z","o":66096.7,"h":66110.9,"l":65815.8,"c":65922.8,"v":2670107.0},{"ts":"2026-02-12T17:35:00Z","o":65922.8,"h":66177.1,"l":65806.3,"c":65933.0,"v":2487922.0},{"ts":"2026-02-12T17:40:00Z","o":65933.0,"h":66026.5,"l":65881.3,"c":65951.2,"v":1216080.0},{"ts":"2026-02-12T17:45:00Z","o":65951.2,"h":66022.6,"l":65740.0,"c":65783.5,"v":1681656.0},{"ts":"2026-02-12T17:50:00Z","o":65783.5,"h":65895.0,"l":65758.4,"c":65758.4,"v":451519.0}],"15m":[{"ts":"2026-02-11T22:00:00Z","o":67778.7,"h":67844.1,"l":67565.0,"c":67637.5,"v":6510244.0},{"ts":"2026-02-11T22:15:00Z","o":67637.5,"h":67755.9,"l":67356.2,"c":67535.1,"v":5578739.0},{"ts":"2026-02-11T22:30:00Z","o":67535.1,"h":67656.7,"l":67360.4,"c":67606.6,"v":5292369.0},{"ts":"2026-02-11T22:45:00Z","o":67606.6,"h":67685.1,"l":67372.2,"c":67386.9,"v":4047854.0},{"ts":"2026-02-11T23:00:00Z","o":67386.9,"h":67528.7,"l":67203.6,"c":67300.1,"v":8565425.0},{"ts":"2026-02-11T23:15:00Z","o":67300.1,"h":67369.0,"l":66859.8,"c":66983.0,"v":9854439.0},{"ts":"2026-02-11T23:30:00Z","o":66983.0,"h":67104.0,"l":66757.4,"c":67050.0,"v":6800944.0},{"ts":"2026-02-11T23:45:00Z","o":67050.0,"h":67076.6,"l":66849.8,"c":67048.6,"v":3470321.0},{"ts":"2026-02-12T00:00:00Z","o":67048.6,"h":67346.2,"l":67018.3,"c":67329.0,"v":5486930.0},{"ts":"2026-02-12T00:15:00Z","o":67329.0,"h":67481.5,"l":67278.1,"c":67350.0,"v":4205358.0},{"ts":"2026-02-12T00:30:00Z","o":67350.0,"h":67679.2,"l":67350.0,"c":67551.5,"v":5384280.0},{"ts":"2026-02-12T00:45:00Z","o":67551.5,"h":67650.0,"l":67431.2,"c":67431.2,"v":2786849.0},{"ts":"2026-02-12T01:00:00Z","o":67431.2,"h":67677.4,"l":67430.5,"c":67672.0,"v":2669185.0},{"ts":"2026-02-12T01:15:00Z","o":67672.0,"h":67849.0,"l":67523.5,"c":67778.2,"v":6049206.0},{"ts":"2026-02-12T01:30:00Z","o":67778.2,"h":68018.3,"l":67730.1,"c":67820.9,"v":4716114.0},{"ts":"2026-02-12T01:45:00Z","o":67820.9,"h":67845.2,"l":67577.1,"c":67668.3,"v":4188464.0},{"ts":"2026-02-12T02:00:00Z","o":67668.3,"h":67769.8,"l":67462.8,"c":67466.3,"v":3998837.0},{"ts":"2026-02-12T02:15:00Z","o":67466.3,"h":67545.3,"l":67380.1,"c":67499.1,"v":3526709.0},{"ts":"2026-02-12T02:30:00Z","o":67499.1,"h":67728.2,"l":67448.8,"c":67711.4,"v":3360156.0},{"ts":"2026-02-12T02:45:00Z","o":67711.4,"h":67722.5,"l":67390.0,"c":67408.5,"v":3812284.0},{"ts":"2026-02-12T03:00:00Z","o":67408.5,"h":67532.2,"l":67325.6,"c":67463.4,"v":3194089.0},{"ts":"2026-02-12T03:15:00Z","o":67463.4,"h":67493.9,"l":67283.7,"c":67356.1,"v":3584346.0},{"ts":"2026-02-12T03:30:00Z","o":67356.1,"h":67514.2,"l":67301.5,"c":67469.5,"v":3404816.0},{"ts":"2026-02-12T03:45:00Z","o":67469.5,"h":67564.2,"l":67410.1,"c":67555.4,"v":2806074.0},{"ts":"2026-02-12T04:00:00Z","o":67555.4,"h":67656.0,"l":67461.3,"c":67551.4,"v":3735568.0},{"ts":"2026-02-12T04:15:00Z","o":67551.4,"h":67565.2,"l":67163.8,"c":67183.4,"v":4950855.0},{"ts":"2026-02-12T04:30:00Z","o":67183.4,"h":67265.0,"l":67031.0,"c":67206.5,"v":5136731.0},{"ts":"2026-02-12T04:45:00Z","o":67206.5,"h":67251.1,"l":66962.1,"c":66989.9,"v":4113380.0},{"ts":"2026-02-12T05:00:00Z","o":66989.9,"h":67176.1,"l":66735.6,"c":66776.6,"v":6404874.0},{"ts":"2026-02-12T05:15:00Z","o":66776.6,"h":66956.1,"l":66640.0,"c":66850.0,"v":4305129.0},{"ts":"2026-02-12T05:30:00Z","o":66850.0,"h":67100.1,"l":66829.4,"c":67056.2,"v":2798916.0},{"ts":"2026-02-12T05:45:00Z","o":67056.2,"h":67134.3,"l":66969.2,"c":67104.6,"v":2691044.0},{"ts":"2026-02-12T06:00:00Z","o":67104.6,"h":67219.5,"l":66980.0,"c":67080.8,"v":2755685.0},{"ts":"2026-02-12T06:15:00Z","o":67080.8,"h":67328.5,"l":67053.8,"c":67260.3,"v":3809563.0},{"ts":"2026-02-12T06:30:00Z","o":67260.3,"h":67319.8,"l":67115.0,"c":67206.6,"v":3942283.0},{"ts":"2026-02-12T06:45:00Z","o":67206.6,"h":67275.5,"l":67050.0,"c":67096.2,"v":2884231.0},{"ts":"2026-02-12T07:00:00Z","o":67096.2,"h":67124.3,"l":66903.5,"c":66962.6,"v":4066288.0},{"ts":"2026-02-12T07:15:00Z","o":66962.6,"h":67296.8,"l":66923.2,"c":67195.2,"v":3410413.0},{"ts":"2026-02-12T07:30:00Z","o":67195.2,"h":67224.0,"l":67095.1,"c":67095.1,"v":2699902.0},{"ts":"2026-02-12T07:45:00Z","o":67095.1,"h":67203.4,"l":67059.4,"c":67181.5,"v":2985424.0},{"ts":"2026-02-12T08:00:00Z","o":67181.5,"h":67306.6,"l":67050.6,"c":67216.3,"v":4445829.0},{"ts":"2026-02-12T08:15:00Z","o":67216.3,"h":67216.3,"l":66859.5,"c":66896.2,"v":4978084.0},{"ts":"2026-02-12T08:30:00Z","o":66896.2,"h":67038.0,"l":66878.3,"c":66942.8,"v":3486811.0},{"ts":"2026-02-12T08:45:00Z","o":66942.8,"h":67127.9,"l":66942.7,"c":67107.3,"v":3081738.0},{"ts":"2026-02-12T09:00:00Z","o":67107.3,"h":67199.2,"l":67012.2,"c":67158.8,"v":4088064.0},{"ts":"2026-02-12T09:15:00Z","o":67158.8,"h":67293.4,"l":67131.5,"c":67263.0,"v":4725292.0},{"ts":"2026-02-12T09:30:00Z","o":67263.0,"h":67439.1,"l":67213.7,"c":67388.6,"v":4984841.0},{"ts":"2026-02-12T09:45:00Z","o":67388.6,"h":67680.0,"l":67320.0,"c":67517.7,"v":7166002.0},{"ts":"2026-02-12T10:00:00Z","o":67517.7,"h":67597.9,"l":67449.9,"c":67539.0,"v":3838384.0},{"ts":"2026-02-12T10:15:00Z","o":67539.0,"h":67582.3,"l":67381.8,"c":67580.9,"v":4156086.0},{"ts":"2026-02-12T10:30:00Z","o":67580.9,"h":67819.7,"l":67576.1,"c":67635.9,"v":6016760.0},{"ts":"2026-02-12T10:45:00Z","o":67635.9,"h":67994.4,"l":67621.7,"c":67978.0,"v":7579276.0},{"ts":"2026-02-12T11:00:00Z","o":67978.0,"h":68090.1,"l":67707.6,"c":67874.1,"v":9286041.0},{"ts":"2026-02-12T11:15:00Z","o":67874.1,"h":68228.4,"l":67799.4,"c":68170.3,"v":8425079.0},{"ts":"2026-02-12T11:30:00Z","o":68170.3,"h":68257.9,"l":67999.9,"c":68057.0,"v":5258584.0},{"ts":"2026-02-12T11:45:00Z","o":68057.0,"h":68139.6,"l":67970.8,"c":68035.3,"v":4477328.0},{"ts":"2026-02-12T12:00:00Z","o":68035.3,"h":68125.8,"l":67850.0,"c":67988.6,"v":6176667.0},{"ts":"2026-02-12T12:15:00Z","o":67988.6,"h":68005.0,"l":67823.4,"c":67948.7,"v":4842304.0},{"ts":"2026-02-12T12:30:00Z","o":67948.7,"h":67966.9,"l":67815.6,"c":67839.8,"v":2946010.0},{"ts":"2026-02-12T12:45:00Z","o":67839.8,"h":67913.2,"l":67684.8,"c":67832.5,"v":5666483.0},{"ts":"2026-02-12T13:00:00Z","o":67832.5,"h":67853.9,"l":67646.1,"c":67814.9,"v":4619173.0},{"ts":"2026-02-12T13:15:00Z","o":67814.9,"h":68033.5,"l":67649.4,"c":67733.2,"v":8047438.0},{"ts":"2026-02-12T13:30:00Z","o":67733.2,"h":68129.0,"l":67691.5,"c":68081.4,"v":8080911.0},{"ts":"2026-02-12T13:45:00Z","o":68081.4,"h":68366.6,"l":67937.5,"c":68340.0,"v":7113523.0},{"ts":"2026-02-12T14:00:00Z","o":68340.0,"h":68381.5,"l":67820.0,"c":67972.1,"v":9212879.0},{"ts":"2026-02-12T14:15:00Z","o":67972.1,"h":68047.0,"l":67837.0,"c":67963.0,"v":6948879.0},{"ts":"2026-02-12T14:30:00Z","o":67963.0,"h":68249.3,"l":67567.9,"c":67587.1,"v":18299824.0},{"ts":"2026-02-12T14:45:00Z","o":67587.1,"h":67968.3,"l":67453.0,"c":67546.6,"v":12414864.0},{"ts":"2026-02-12T15:00:00Z","o":67546.6,"h":67782.5,"l":66968.2,"c":67382.1,"v":23943306.0},{"ts":"2026-02-12T15:15:00Z","o":67382.1,"h":67927.1,"l":67319.6,"c":67821.6,"v":15664403.0},{"ts":"2026-02-12T15:30:00Z","o":67821.6,"h":67971.2,"l":67214.5,"c":67371.8,"v":13303656.0},{"ts":"2026-02-12T15:45:00Z","o":67371.8,"h":67513.3,"l":67033.6,"c":67103.5,"v":9808421.0},{"ts":"2026-02-12T16:00:00Z","o":67103.5,"h":67211.1,"l":66460.7,"c":66522.8,"v":22162766.0},{"ts":"2026-02-12T16:15:00Z","o":66522.8,"h":66762.3,"l":65960.0,"c":66034.3,"v":16574421.0},{"ts":"2026-02-12T16:30:00Z","o":66034.3,"h":66510.4,"l":65907.4,"c":66243.1,"v":16674528.0},{"ts":"2026-02-12T16:45:00Z","o":66243.1,"h":66338.0,"l":65522.2,"c":65826.2,"v":16919903.0},{"ts":"2026-02-12T17:00:00Z","o":65826.2,"h":65970.5,"l":65530.0,"c":65710.7,"v":9514249.0},{"ts":"2026-02-12T17:15:00Z","o":65710.7,"h":66234.5,"l":65583.0,"c":66096.7,"v":9253238.0},{"ts":"2026-02-12T17:30:00Z","o":66096.7,"h":66177.1,"l":65806.3,"c":65951.2,"v":6374109.0},{"ts":"2026-02-12T17:45:00Z","o":65951.2,"h":66022.6,"l":65740.0,"c":65758.4,"v":2133175.0}]},"features":{"P_used":65764.1,"orderbook":{"topN":20,"bandPct":0.0015,"bidSumTopN":191333.0,"askSumTopN":187477.0,"bidAskRatioTopN":1.020567856323709,"bestBid":65758.4,"bestAsk":65758.5,"spread":0.10000000000582077,"spreadBps":0.015205864598743199,"nearBand":{"bidCount":20,"askCount":20,"topBidWall":{"price":65757.5,"size":105629.0},"topAskWall":{"price":65759.3,"size":105215.0}}},"orderbookHistory":{"available":true,"bidWall":{"samples":28,"persistRate":0.037037037037037035,"churnRate":0.9629629629629629,"sizeCv":0.6651643043208415},"askWall":{"samples":28,"persistRate":0.037037037037037035,"churnRate":0.9629629629629629,"sizeCv":0.5814595745756461}},"trades":{"available":true,"buyVol":39044.0,"sellVol":1485.0,"buyCnt":30,"sellCnt":10,"buyVolRatio":0.9633595696908387,"sellVolRatio":0.036640430309161344,"maxTrade":{"price":65758.5,"vol":8892.0,"T":1}},"openInterest":{"available":true,"windowSamples":26,"oiStart":523585315.0,"oiEnd":523646275.0,"oiChange":60960.0,"oiChangePct":0.011642801708447456,"pxStart":65758.4,"pxEnd":65741.2,"pxChangePct":-0.026156354169196774,"leverageChaseFlag":false},"context":{"available":true,"range15m":{"hi":68381.5,"lo":65522.2,"pos01":0.0826076312384139,"lastClose":65758.4,"meanClose":67043.03499999999},"range5m":{"hi":68381.5,"lo":65522.2,"pos01":0.0826076312384139,"lastClose":65758.4,"meanClose":67104.01666666668}}}}