{"meta":{"exchange":"MEXC","market":"FUTURES","symbol":"BTC_USDT","generated_at":"2026-02-13T10:56:29Z"},"marketInfo":{"priceUnit":0.1,"volUnit":1,"minVol":1,"contractSize":0.0001,"priceScale":1,"volScale":0,"maxLeverage":500},"price":{"ticker":{"contractId":10,"symbol":"BTC_USDT","lastPrice":67001.7,"bid1":66994.3,"ask1":66994.4,"volume24":256527048,"amount24":1709780318.84063,"holdVol":540900508,"lower24Price":65081.1,"high24Price":68381.5,"riseFallRate":-0.0015,"riseFallValue":-101.8,"indexPrice":67032.21,"fairPrice":67011.4,"fundingRate":2.3e-05,"maxBidPrice":73735.4,"minAskPrice":60328.9,"timestamp":1770980186782,"riseFallRates":{"zone":"UTC+8","r":-0.0015,"v":-101.8,"r7":-0.0066,"r30":-0.2826,"r90":-0.3074,"r180":-0.4303,"r365":-0.3003},"riseFallRatesOfTimezone":[-0.0076,0.0114,-0.0015]},"funding":{"symbol":"BTC_USDT","fundingRate":2.3e-05,"maxFundingRate":0.0018,"minFundingRate":-0.0018,"collectCycle":8,"nextSettleTime":1770998400000,"timestamp":1770980190091},"index":{"symbol":"BTC_USDT","indexPrice":67030.2,"timestamp":1770980190359},"fair":{"symbol":"BTC_USDT","fairPrice":66992.3,"timestamp":1770980190904}},"metrics":{"openInterestNow":540900508,"oiHistory":[{"t":1770980193204,"lastPrice":66992.1,"bid1":66992.1,"ask1":66992.2,"holdVol":540937228,"fundingRate":2.3e-05,"indexPrice":67030.19,"fairPrice":66992.3},{"t":1770980195652,"lastPrice":66990.6,"bid1":66990.6,"ask1":66990.7,"holdVol":541098480,"fundingRate":2.3e-05,"indexPrice":67027.19,"fairPrice":66990},{"t":1770980198051,"lastPrice":66990.6,"bid1":66990.6,"ask1":66990.7,"holdVol":541098480,"fundingRate":2.3e-05,"indexPrice":67027.19,"fairPrice":66990},{"t":1770980200450,"lastPrice":66994.1,"bid1":66994.1,"ask1":66994.2,"holdVol":541094976,"fundingRate":2.3e-05,"indexPrice":67029.83,"fairPrice":66994.2},{"t":1770980202817,"lastPrice":66994.2,"bid1":66994.1,"ask1":66994.2,"holdVol":541102944,"fundingRate":2.3e-05,"indexPrice":67030.11,"fairPrice":66994.1},{"t":1770980205178,"lastPrice":66994.2,"bid1":66994.1,"ask1":66994.2,"holdVol":541102944,"fundingRate":2.3e-05,"indexPrice":67030.11,"fairPrice":66994.2},{"t":1770980207547,"lastPrice":66986.4,"bid1":66986.4,"ask1":66986.5,"holdVol":541421692,"fundingRate":2.3e-05,"indexPrice":67024.34,"fairPrice":66986.6},{"t":1770980210118,"lastPrice":66980,"bid1":66978.4,"ask1":66978.5,"holdVol":541423680,"fundingRate":2.3e-05,"indexPrice":67021.56,"fairPrice":66983.8},{"t":1770980212509,"lastPrice":66980,"bid1":66978.4,"ask1":66978.5,"holdVol":541423680,"fundingRate":2.3e-05,"indexPrice":67021.56,"fairPrice":66983.8},{"t":1770980214921,"lastPrice":66975.9,"bid1":66975.8,"ask1":66975.9,"holdVol":541406745,"fundingRate":2.3e-05,"indexPrice":67012.09,"fairPrice":66975.8},{"t":1770980217336,"lastPrice":66975.9,"bid1":66975.8,"ask1":66975.9,"holdVol":541406092,"fundingRate":2.3e-05,"indexPrice":67011.53,"fairPrice":66975.8},{"t":1770980219795,"lastPrice":66975.9,"bid1":66975.8,"ask1":66975.9,"holdVol":541406092,"fundingRate":2.3e-05,"indexPrice":67011.53,"fairPrice":66975.8},{"t":1770980222152,"lastPrice":66975.9,"bid1":66986.3,"ask1":66986.4,"holdVol":541570886,"fundingRate":2.3e-05,"indexPrice":67012.36,"fairPrice":66975.9},{"t":1770980224628,"lastPrice":66994,"bid1":66993.9,"ask1":66994,"holdVol":541563686,"fundingRate":2.3e-05,"indexPrice":67031.96,"fairPrice":66994.3},{"t":1770980226989,"lastPrice":66994,"bid1":66993.9,"ask1":66994,"holdVol":541563686,"fundingRate":2.3e-05,"indexPrice":67031.96,"fairPrice":66994.3},{"t":1770980229347,"lastPrice":66993.9,"bid1":66993.9,"ask1":66994,"holdVol":541521974,"fundingRate":2.3e-05,"indexPrice":67032.72,"fairPrice":66995},{"t":1770980231706,"lastPrice":66993.9,"bid1":66993.9,"ask1":66994,"holdVol":541521417,"fundingRate":2.3e-05,"indexPrice":67032.73,"fairPrice":66995.1},{"t":1770980234065,"lastPrice":66994.1,"bid1":66994.1,"ask1":66994.2,"holdVol":541521417,"fundingRate":2.3e-05,"indexPrice":67037.96,"fairPrice":67000.3},{"t":1770980236428,"lastPrice":66994.1,"bid1":66994,"ask1":66994.1,"holdVol":541622188,"fundingRate":2.3e-05,"indexPrice":67036.72,"fairPrice":66998.9},{"t":1770980238784,"lastPrice":66994.1,"bid1":66994,"ask1":66994.1,"holdVol":541622188,"fundingRate":2.3e-05,"indexPrice":67036.72,"fairPrice":66998.9},{"t":1770980241157,"lastPrice":66995,"bid1":67006.3,"ask1":67006.4,"holdVol":541643481,"fundingRate":2.3e-05,"indexPrice":67038.16,"fairPrice":67000.3},{"t":1770980243518,"lastPrice":66995.1,"bid1":66995,"ask1":66995.1,"holdVol":541641801,"fundingRate":2.3e-05,"indexPrice":67034.06,"fairPrice":66996.1},{"t":1770980245897,"lastPrice":66989.6,"bid1":66989.5,"ask1":66989.6,"holdVol":541648435,"fundingRate":2.3e-05,"indexPrice":67028.2,"fairPrice":66990.2},{"t":1770980248257,"lastPrice":66994,"bid1":66993.9,"ask1":66994,"holdVol":541647024,"fundingRate":2.3e-05,"indexPrice":67029.6,"fairPrice":66991.6},{"t":1770980250621,"lastPrice":66986.9,"bid1":66986.8,"ask1":66986.9,"holdVol":541645862,"fundingRate":2.3e-05,"indexPrice":67028.81,"fairPrice":66990.9},{"t":1770980253170,"lastPrice":66986.9,"bid1":66986.8,"ask1":66986.9,"holdVol":541645862,"fundingRate":2.3e-05,"indexPrice":67028.81,"fairPrice":66990.9}],"fundingRateNow":2.3e-05,"fundingRateHistory":{"pageSize":24,"totalCount":1620,"totalPage":68,"currentPage":1,"resultList":[{"symbol":"BTC_USDT","fundingRate":6e-06,"settleTime":1770969600000,"collectCycle":8},{"symbol":"BTC_USDT","fundingRate":5.8e-05,"settleTime":1770940800000,"collectCycle":8},{"symbol":"BTC_USDT","fundingRate":-1.7e-05,"settleTime":1770912000000,"collectCycle":8},{"symbol":"BTC_USDT","fundingRate":3.3e-05,"settleTime":1770883200000,"collectCycle":8},{"symbol":"BTC_USDT","fundingRate":-1.3e-05,"settleTime":1770854400000,"collectCycle":8},{"symbol":"BTC_USDT","fundingRate":-1.2e-05,"settleTime":1770825600000,"collectCycle":8},{"symbol":"BTC_USDT","fundingRate":-8.3e-05,"settleTime":1770796800000,"collectCycle":8},{"symbol":"BTC_USDT","fundingRate":1.3e-05,"settleTime":1770768000000,"collectCycle":8},{"symbol":"BTC_USDT","fundingRate":-8.8e-05,"settleTime":1770739200000,"collectCycle":8},{"symbol":"BTC_USDT","fundingRate":-4.7e-05,"settleTime":1770710400000,"collectCycle":8},{"symbol":"BTC_USDT","fundingRate":-9e-05,"settleTime":1770681600000,"collectCycle":8},{"symbol":"BTC_USDT","fundingRate":-4.2e-05,"settleTime":1770652800000,"collectCycle":8},{"symbol":"BTC_USDT","fundingRate":1.7e-05,"settleTime":1770624000000,"collectCycle":8},{"symbol":"BTC_USDT","fundingRate":-2.9e-05,"settleTime":1770595200000,"collectCycle":8},{"symbol":"BTC_USDT","fundingRate":-4.9e-05,"settleTime":1770566400000,"collectCycle":8},{"symbol":"BTC_USDT","fundingRate":-3.5e-05,"settleTime":1770537600000,"collectCycle":8},{"symbol":"BTC_USDT","fundingRate":-3.4e-05,"settleTime":1770508800000,"collectCycle":8},{"symbol":"BTC_USDT","fundingRate":-3e-05,"settleTime":1770480000000,"collectCycle":8},{"symbol":"BTC_USDT","fundingRate":-8.2e-05,"settleTime":1770451200000,"collectCycle":8},{"symbol":"BTC_USDT","fundingRate":-0.000152,"settleTime":1770422400000,"collectCycle":8},{"symbol":"BTC_USDT","fundingRate":-0.000133,"settleTime":1770393600000,"collectCycle":8},{"symbol":"BTC_USDT","fundingRate":-0.000136,"settleTime":1770364800000,"collectCycle":8},{"symbol":"BTC_USDT","fundingRate":-1.3e-05,"settleTime":1770336000000,"collectCycle":8},{"symbol":"BTC_USDT","fundingRate":-4.9e-05,"settleTime":1770307200000,"collectCycle":8}]}},"orderbook":{"asks":[[66992.5,3484,1],[66992.6,5188,2],[66992.7,3586,1],[66992.8,4231,1],[66992.9,102796,2],[66993,3933,1],[66993.1,4087,1],[66993.2,4397,1],[66993.3,3846,1],[66993.4,4088,1],[66993.5,3633,1],[66993.6,3887,1],[66993.7,4437,1],[66993.8,4345,1],[66993.9,3802,1],[66994,5501,2],[66994.1,4498,1],[66994.2,4410,1],[66994.3,3614,1],[66994.4,4250,1]],"bids":[[66992.1,3288,4],[66992,10714,1],[66991.9,3566,1],[66991.8,4092,1],[66991.7,3573,1],[66991.6,3484,1],[66991.5,3769,1],[66991.4,3586,1],[66991.3,4231,1],[66991.2,3474,1],[66991.1,103255,2],[66991,4087,1],[66990.9,4397,1],[66990.8,3846,1],[66990.7,4088,1],[66990.6,3634,2],[66990.5,3887,1],[66990.4,4437,1],[66990.3,4345,1],[66990.2,3802,1]],"version":32445585070,"timestamp":1770980190977},"orderbookHistory":{"depthCommits":[{"asks":[[66992.3,1644,2]],"bids":[],"version":32445585609},{"asks":[[66992.3,2466,3]],"bids":[],"version":32445585608},{"asks":[[66992.3,3288,4]],"bids":[],"version":32445585607},{"asks":[[66992.2,8592,1]],"bids":[],"version":32445585606},{"asks":[[66992.1,673,1]],"bids":[],"version":32445585605},{"asks":[],"bids":[[66987.1,5742,2]],"version":32445585604},{"asks":[],"bids":[[66983.5,7777,3]],"version":32445585603},{"asks":[],"bids":[[66985.7,6375,2]],"version":32445585602},{"asks":[[66992.3,2466,3]],"bids":[],"version":32445585601},{"asks":[[66992.3,1644,2]],"bids":[],"version":32445585600},{"asks":[[66992.3,822,1]],"bids":[],"version":32445585599},{"asks":[],"bids":[[66978,1419,1]],"version":32445585598},{"asks":[[67038.5,10475,1]],"bids":[],"version":32445585597},{"asks":[],"bids":[[66976.6,1419,1]],"version":32445585596},{"asks":[],"bids":[[66992.1,0,0]],"version":32445585595},{"asks":[],"bids":[[66984.9,7088,2]],"version":32445585594},{"asks":[],"bids":[[66983.5,6358,2]],"version":32445585593},{"asks":[],"bids":[[66986.4,1,1]],"version":32445585592},{"asks":[],"bids":[[66992.1,822,1]],"version":32445585591},{"asks":[],"bids":[[66992.1,1644,2]],"version":32445585590},{"asks":[[67052.7,9446,1]],"bids":[],"version":32445585589},{"asks":[],"bids":[[66930.7,10774,1]],"version":32445585588},{"asks":[],"bids":[[66988.8,0,0]],"version":32445585587},{"asks":[[67049.5,10176,1]],"bids":[],"version":32445585586},{"asks":[[67038.6,1,1]],"bids":[],"version":32445585585},{"asks":[],"bids":[[66937.7,10210,1]],"version":32445585584},{"asks":[],"bids":[[66920.8,10176,1]],"version":32445585583},{"asks":[],"bids":[[66934.2,9648,2]],"version":32445585582},{"asks":[],"bids":[[66924.2,9577,1]],"version":32445585581},{"asks":[],"bids":[[66927.4,9876,1]],"version":32445585580},{"asks":[[67042,10475,1]],"bids":[],"version":32445585579},{"asks":[[67046.1,12271,1]],"bids":[],"version":32445585578},{"asks":[[67058.6,17658,2]],"bids":[],"version":32445585577},{"asks":[],"bids":[[66937.6,0,0]],"version":32445585576},{"asks":[[67058.6,9045,1]],"bids":[],"version":32445585575},{"asks":[],"bids":[[66927.3,0,0]],"version":32445585574},{"asks":[[66992.4,8790,1]],"bids":[],"version":32445585573},{"asks":[],"bids":[[66920.7,0,0]],"version":32445585572},{"asks":[],"bids":[[66992.1,2466,3]],"version":32445585571},{"asks":[[67038.6,10476,2]],"bids":[],"version":32445585570},{"asks":[],"bids":[[66984.5,7320,2]],"version":32445585569},{"asks":[],"bids":[[66984.9,8507,3]],"version":32445585568},{"asks":[],"bids":[[66985.2,2402,1]],"version":32445585567},{"asks":[],"bids":[[66983.7,6494,2]],"version":32445585566},{"asks":[],"bids":[[66982.7,7525,2]],"version":32445585565},{"asks":[],"bids":[[66983.6,2813,1]],"version":32445585564},{"asks":[],"bids":[[66984.7,6056,2]],"version":32445585563},{"asks":[],"bids":[[66983.5,7777,3]],"version":32445585562},{"asks":[],"bids":[[66983.3,6268,2]],"version":32445585561},{"asks":[],"bids":[[66985.3,7370,2]],"version":32445585560},{"asks":[],"bids":[[66983.9,7089,2]],"version":32445585559},{"asks":[],"bids":[[66984.1,7124,2]],"version":32445585558},{"asks":[],"bids":[[66984.3,7095,2]],"version":32445585557},{"asks":[],"bids":[[66982.5,7406,2]],"version":32445585556},{"asks":[],"bids":[[66982.4,2727,1]],"version":32445585555},{"asks":[],"bids":[[66985.1,6474,2]],"version":32445585554},{"asks":[],"bids":[[66984.8,5025,2]],"version":32445585553},{"asks":[],"bids":[[66984.6,2423,1]],"version":32445585552},{"asks":[],"bids":[[66985.3,9939,3]],"version":32445585551},{"asks":[],"bids":[[66982.6,2823,1]],"version":32445585550}],"polled":{"seconds":60,"stepSec":2.0,"levels":20,"snapshots":[{"timestamp":1770980255081,"version":32445615330,"bids":[[66973.9,13356,2],[66973.8,7910,2],[66973.7,7783,2],[66973.6,3924,1],[66973.5,4391,1],[66973.4,3600,1],[66973.3,4506,1],[66973.2,4007,2],[66973.1,3695,1],[66973,103880,2],[66972.9,3972,1],[66972.8,3995,1],[66972.7,4033,1],[66972.6,3916,1],[66972.5,4474,1],[66972.4,3823,1],[66972.3,4124,1],[66972.2,4299,1],[66972.1,3783,2],[66972,4337,1]],"asks":[[66974,31012,10],[66974.1,21979,3],[66974.2,4285,1],[66974.8,99348,1],[66975.3,1419,1],[66976.6,4962,1],[66976.7,5635,2],[66976.8,4102,1],[66978.1,1308,1],[66979.8,9311,1],[66979.9,22398,1],[66980.1,5635,2],[66980.2,3885,1],[66980.3,4741,1],[66980.4,4099,1],[66980.5,4087,1],[66980.6,7520,2],[66980.7,6471,2],[66980.8,6725,2],[66980.9,4976,1]]},{"timestamp":1770980257387,"version":32445617220,"bids":[[66960,11518,2],[66959.9,8230,2],[66959.8,8396,2],[66959.7,4601,1],[66959.6,3744,1],[66959.5,4174,1],[66959.4,4540,1],[66959.3,4060,1],[66959.2,3780,1],[66959.1,103351,2],[66959,4625,1],[66958.9,4573,1],[66958.8,4215,1],[66958.7,4186,1],[66958.6,3956,1],[66958.5,3887,1],[66958.4,3972,1],[66958.3,3444,1],[66958.2,3623,1],[66958.1,3794,1]],"asks":[[66960.1,21315,6],[66960.9,5937,2],[66962.3,1419,1],[66963.7,1419,1],[66966.4,19493,3],[66966.7,2746,1],[66966.8,2433,1],[66966.9,2325,1],[66967,2664,1],[66967.4,2494,1],[66967.5,2373,1],[66967.6,2700,1],[66967.7,2894,1],[66967.8,2590,1],[66967.9,2632,1],[66968,2289,1],[66968.1,21835,4],[66968.2,2350,1],[66968.3,2536,1],[66968.4,3064,1]]},{"timestamp":1770980259627,"version":32445619050,"bids":[[66970.1,29130,4],[66970,3511,1],[66969.9,3509,1],[66969.8,4446,1],[66969.7,3989,1],[66969.6,4364,1],[66969.5,4353,1],[66969.4,4228,1],[66969.3,21901,3],[66969.2,121297,4],[66969.1,22502,3],[66969,22068,3],[66968.9,22810,4],[66968.8,4346,1],[66968.7,22957,4],[66968.6,23589,5],[66968.5,1419,1],[66968.2,3950,1],[66968.1,3878,1],[66968,3467,1]],"asks":[[66970.2,14129,2],[66970.3,7981,2],[66970.4,7636,2],[66970.5,3764,1],[66970.6,3822,1],[66970.7,3641,1],[66970.8,3606,1],[66970.9,3527,1],[66971,103774,2],[66971.1,4109,1],[66971.2,4023,1],[66971.6,3893,1],[66971.7,3881,1],[66971.8,3946,1],[66971.9,4040,1],[66972,4545,1],[66972.1,4219,1],[66972.2,4115,1],[66972.3,3481,1],[66972.4,3929,1]]},{"timestamp":1770980261758,"version":32445619455,"bids":[[66970.1,29984,6],[66970,13821,2],[66969.9,3577,1],[66969.8,4457,1],[66969.7,3747,1],[66969.6,3459,1],[66969.5,4508,1],[66969.4,3732,1],[66969.3,4170,1],[66969.2,103661,2],[66969.1,4170,1],[66969,3535,1],[66968.9,4557,1],[66968.8,4517,1],[66968.7,3508,1],[66968.6,4394,1],[66968.5,5049,2],[66968.4,3474,1],[66968.3,3508,1],[66968.2,3580,1]],"asks":[[66970.2,8886,1],[66970.3,4565,1],[66970.4,3577,1],[66970.5,4457,1],[66970.6,3747,1],[66970.7,3459,1],[66970.8,4508,1],[66970.9,3732,1],[66971,103524,2],[66971.1,4307,1],[66971.2,4170,1],[66971.3,3535,1],[66971.4,4557,1],[66971.5,4517,1],[66971.6,3508,1],[66971.7,4394,1],[66971.8,3630,1],[66971.9,3474,1],[66972,3508,1],[66972.1,3580,1]]},{"timestamp":1770980263655,"version":32445619750,"bids":[[66970.1,9475,1],[66970,3843,1],[66969.9,3842,1],[66969.8,3891,1],[66969.7,4366,1],[66969.6,4542,1],[66969.5,4081,1],[66969.4,3715,1],[66969.3,4081,1],[66969.2,103040,2],[66969.1,4070,1],[66969,3542,1],[66968.9,3876,1],[66968.8,4132,1],[66968.7,4538,1],[66968.6,4189,1],[66968.5,3666,1],[66968.4,3443,1],[66968.3,3969,1],[66968.2,3911,1]],"asks":[[66970.2,26543,4],[66970.3,13098,2],[66970.4,3842,1],[66970.5,3891,1],[66970.6,4366,1],[66970.7,4542,1],[66970.8,4081,1],[66970.9,3715,1],[66971,103435,2],[66971.1,3686,1],[66971.2,5489,2],[66971.3,3542,1],[66971.4,3876,1],[66971.5,4132,1],[66971.6,4538,1],[66971.7,4189,1],[66971.8,3666,1],[66971.9,3443,1],[66972,3969,1],[66972.1,3911,1]]},{"timestamp":1770980265750,"version":32445620580,"bids":[[66968.9,10904,1],[66968.8,4275,1],[66968.7,4276,1],[66968.6,4105,1],[66968.5,3766,1],[66968.4,4316,1],[66968.3,3762,1],[66968.2,4198,1],[66968.1,4375,1],[66968,103914,2],[66967.9,4080,1],[66967.8,4090,1],[66967.7,4084,1],[66967.6,4619,1],[66967.5,3600,1],[66967.4,3429,1],[66967.3,3471,1],[66967.2,4537,1],[66967.1,3450,1],[66967,3655,1]],"asks":[[66969,29165,5],[66969.1,4275,1],[66969.2,4276,1],[66969.3,22165,3],[66969.4,3766,1],[66969.5,4316,1],[66969.6,3762,1],[66969.7,5617,2],[66969.8,103731,2],[66969.9,4558,1],[66970,4080,1],[66970.1,7378,5],[66970.2,4084,1],[66970.3,4619,1],[66970.4,3600,1],[66970.5,3429,1],[66970.6,3471,1],[66970.7,4537,1],[66970.8,3450,1],[66970.9,3655,1]]},{"timestamp":1770980267782,"version":32445620900,"bids":[[66968.9,11331,1],[66968.8,4356,1],[66968.7,4336,1],[66968.6,4505,1],[66968.5,4616,1],[66968.4,4276,1],[66968.3,4521,1],[66968.2,4436,1],[66968.1,3866,1],[66968,103878,2],[66967.9,3936,1],[66967.8,4447,1],[66967.7,4174,1],[66967.6,3746,1],[66967.5,4030,1],[66967.4,3579,1],[66967.3,4543,1],[66967.2,3954,1],[66967.1,4195,1],[66967,4113,1]],"asks":[[66969,26776,5],[66969.1,4356,1],[66969.2,4336,1],[66969.3,22565,3],[66969.4,4616,1],[66969.5,4276,1],[66969.6,4521,1],[66969.7,5855,2],[66969.8,103222,2],[66969.9,4522,1],[66970,3936,1],[66970.1,7735,5],[66970.2,4174,1],[66970.3,3746,1],[66970.4,4030,1],[66970.5,3579,1],[66970.6,4543,1],[66970.7,3954,1],[66970.8,4195,1],[66970.9,4113,1]]},{"timestamp":1770980269999,"version":32445621770,"bids":[[66968.9,11557,4],[66968.8,4093,1],[66968.7,4070,1],[66968.6,3733,1],[66968.5,3695,1],[66968.4,3656,1],[66968.3,3882,1],[66968.2,3729,1],[66968.1,3750,1],[66968,103963,2],[66967.9,3876,1],[66967.8,4317,1],[66967.7,4226,1],[66967.6,4383,1],[66967.5,3682,1],[66967.4,4158,1],[66967.3,3457,1],[66967.2,4202,1],[66967.1,4463,1],[66967,3731,1]],"asks":[[66969,9881,1],[66969.1,4093,1],[66969.2,4070,1],[66969.3,3733,1],[66969.4,3695,1],[66969.5,3656,1],[66969.6,3882,1],[66969.7,3729,1],[66969.8,103106,2],[66969.9,4607,1],[66970,3876,1],[66970.1,4317,1],[66970.2,4226,1],[66970.3,4383,1],[66970.4,3682,1],[66970.5,4158,1],[66970.6,3457,1],[66970.7,4202,1],[66970.8,4463,1],[66970.9,3731,1]]},{"timestamp":1770980272362,"version":32445622245,"bids":[[66968.9,5302,1],[66968.8,3486,1],[66968.7,3724,1],[66968.6,4631,1],[66968.5,3616,1],[66968.4,3659,1],[66968.3,3646,1],[66968.2,3501,1],[66968.1,4487,1],[66968,103906,2],[66967.9,3768,1],[66967.8,4507,1],[66967.7,3961,1],[66967.6,3906,1],[66967.5,4577,1],[66967.4,4173,1],[66967.3,3715,1],[66967.2,4012,1],[66967.1,4276,1],[66967,3427,1]],"asks":[[66969,27596,3],[66969.1,3486,1],[66969.2,3724,1],[66969.3,4631,1],[66969.4,3616,1],[66969.5,3659,1],[66969.6,3646,1],[66969.7,3501,1],[66969.8,103843,2],[66969.9,4550,1],[66970,3768,1],[66970.1,4507,1],[66970.2,3961,1],[66970.3,3906,1],[66970.4,4577,1],[66970.5,4173,1],[66970.6,3715,1],[66970.7,4012,1],[66970.8,5695,2],[66970.9,3427,1]]},{"timestamp":1770980274742,"version":32445623065,"bids":[[66968.9,9438,1],[66968.8,3714,1],[66968.7,4281,1],[66968.6,4014,1],[66968.5,3749,1],[66968.4,4027,1],[66968.3,3629,1],[66968.2,4026,1],[66968.1,4348,1],[66968,103211,2],[66967.9,4369,1],[66967.8,4504,1],[66967.7,4575,1],[66967.6,4368,1],[66967.5,4132,1],[66967.4,4246,1],[66967.3,3486,1],[66967.2,4597,1],[66967.1,4018,1],[66967,3944,1]],"asks":[[66969,27169,4],[66969.1,12964,2],[66969.2,5700,2],[66969.3,4013,1],[66969.4,3749,1],[66969.5,4027,1],[66969.6,3629,1],[66969.7,4026,1],[66969.8,103704,2],[66969.9,3855,1],[66970,4369,1],[66970.1,4504,1],[66970.2,4575,1],[66970.3,4368,1],[66970.4,4132,1],[66970.5,4246,1],[66970.6,3486,1],[66970.7,4597,1],[66970.8,5437,2],[66970.9,3944,1]]},{"timestamp":1770980276983,"version":32445624090,"bids":[[66965,14362,2],[66964.9,8395,2],[66964.8,8066,2],[66964.7,3570,1],[66964.6,3467,1],[66964.5,4497,1],[66964.4,4157,1],[66964.3,3434,1],[66964.2,3491,1],[66964.1,103083,2],[66964,4037,1],[66963.9,3876,1],[66963.8,3824,1],[66963.7,3828,1],[66963.6,3971,1],[66963.5,3890,1],[66963.4,3624,1],[66963.3,3571,1],[66963.2,4066,1],[66963.1,6392,2]],"asks":[[66965.1,31360,8],[66965.2,13636,2],[66965.3,3849,1],[66965.4,3475,1],[66965.8,4215,1],[66965.9,103763,2],[66966,3807,1],[66966.1,4217,1],[66966.2,3570,1],[66966.3,4886,2],[66966.4,4497,1],[66966.5,4157,1],[66966.6,3434,1],[66966.7,3491,1],[66966.8,3721,1],[66966.9,4037,1],[66967,3876,1],[66967.1,3824,1],[66967.2,3828,1],[66967.3,3971,1]]},{"timestamp":1770980278862,"version":32445624480,"bids":[[66965,18152,4],[66964.9,3827,1],[66964.8,4474,1],[66964.7,4119,1],[66964.6,4180,1],[66964.5,4552,1],[66964.4,4533,1],[66964.3,4260,1],[66964.2,3566,1],[66964.1,103651,2],[66964,4116,1],[66963.9,3970,1],[66963.8,3545,1],[66963.7,5498,2],[66963.6,4436,1],[66963.5,4350,1],[66963.4,4537,1],[66963.3,4017,1],[66963.2,3439,1],[66963.1,6181,2]],"asks":[[66965.1,10094,1],[66965.2,3827,1],[66965.3,4474,1],[66965.4,4119,1],[66965.5,4180,1],[66965.6,4552,1],[66965.7,4533,1],[66965.8,4260,1],[66965.9,102928,2],[66966,4289,1],[66966.1,4116,1],[66966.2,3970,1],[66966.3,3545,1],[66966.4,4079,1],[66966.5,4436,1],[66966.6,4350,1],[66966.7,4537,1],[66966.8,4017,1],[66966.9,3439,1],[66967,3730,1]]},{"timestamp":1770980281403,"version":32445627850,"bids":[[66979.9,19705,4],[66979.8,13590,2],[66979.6,3750,1],[66979.4,4031,1],[66979.2,3917,1],[66978.8,22395,1],[66978.3,1419,1],[66978.2,2878,1],[66978.1,7338,2],[66978,2948,1],[66977.9,7077,2],[66977.8,3001,1],[66977.7,7620,3],[66977.6,2337,1],[66977.5,6624,2],[66977.4,2786,1],[66977.3,6542,2],[66977.2,2803,1],[66977.1,2511,1],[66977,2700,1]],"asks":[[66980,5,1],[66984,1,1],[66985,10045,1],[66985.1,3734,1],[66985.2,3521,1],[66985.3,3546,1],[66985.4,3848,1],[66985.5,4302,1],[66985.6,4133,1],[66985.7,3636,1],[66985.8,103108,2],[66985.9,3914,1],[66986,4354,1],[66986.1,4173,1],[66986.2,3732,1],[66986.3,4230,1],[66986.4,3809,2],[66986.5,4070,1],[66986.6,4148,1],[66986.7,3488,1]]},{"timestamp":1770980283537,"version":32445628110,"bids":[[66984.9,1000,1],[66982,22892,4],[66981.6,10153,1],[66981.5,1419,1],[66979.9,1419,1],[66979.8,4893,1],[66979.6,3750,1],[66979.4,4031,1],[66979.2,3917,1],[66978.8,22395,1],[66978.5,1435,2],[66978.2,2878,1],[66978.1,7338,2],[66978,2948,1],[66977.9,7077,2],[66977.8,3001,1],[66977.7,6798,2],[66977.6,2337,1],[66977.5,6624,2],[66977.4,2786,1]],"asks":[[66985,2692,1],[66985.1,3529,1],[66985.2,3477,1],[66985.3,3674,1],[66985.4,4526,1],[66985.5,4526,1],[66985.6,4603,1],[66985.7,4348,1],[66985.8,103503,2],[66985.9,3936,1],[66986,5857,2],[66986.1,3932,1],[66986.2,4633,1],[66986.3,3825,1],[66986.4,4588,2],[66986.5,3511,1],[66986.6,4169,1],[66986.7,3703,1],[66986.8,4569,1],[66986.9,4251,1]]},{"timestamp":1770980285813,"version":32445628640,"bids":[[66984.9,10690,1],[66984.8,3870,1],[66984.7,4114,1],[66984.6,4539,1],[66984.5,4085,1],[66984.4,4112,1],[66984.3,3519,1],[66984.2,3763,1],[66984.1,3597,1],[66984,102803,2],[66983.9,3970,1],[66983.8,4118,1],[66983.7,4353,1],[66983.6,4279,1],[66983.5,3586,1],[66983.4,4463,1],[66983.3,4381,1],[66983.2,4532,1],[66983.1,3444,1],[66983,4493,1]],"asks":[[66985,25082,7],[66985.1,13127,2],[66985.2,4114,1],[66985.3,4539,1],[66985.4,4085,1],[66985.5,4112,1],[66985.6,3519,1],[66985.7,3763,1],[66985.8,102929,2],[66985.9,3471,1],[66986,5389,2],[66986.1,4118,1],[66986.2,4353,1],[66986.3,4279,1],[66986.4,3587,2],[66986.5,4463,1],[66986.6,4381,1],[66986.7,4532,1],[66986.8,3444,1],[66986.9,4493,1]]},{"timestamp":1770980287761,"version":32445630450,"bids":[[66979.3,23555,3],[66979.2,7637,2],[66979.1,8365,2],[66979,3459,1],[66978.9,4439,1],[66978.5,4607,1],[66978.4,102932,2],[66978.3,4613,1],[66978.2,4275,1],[66978.1,3622,1],[66978,4330,1],[66977.9,3543,1],[66977.8,3804,1],[66977.7,3704,1],[66977.6,3558,1],[66977.5,4139,1],[66977.4,5935,2],[66977.3,4076,1],[66977.2,4589,1],[66977.1,4104,1]],"asks":[[66980.9,5824,2],[66981,4483,1],[66981.1,4625,1],[66981.2,4080,1],[66981.3,4018,1],[66981.4,3983,1],[66981.5,3582,1],[66982,8321,2],[66982.1,8082,2],[66982.2,7507,2],[66982.3,10248,3],[66982.4,9160,2],[66982.5,7774,2],[66982.6,4565,1],[66982.7,4296,1],[66982.8,4231,1],[66982.9,7741,2],[66983,9300,2],[66983.1,4629,1],[66983.2,4909,1]]},{"timestamp":1770980289783,"version":32445630805,"bids":[[66979.3,9156,1],[66979.2,4277,1],[66979.1,4545,1],[66979,3689,1],[66978.9,3574,1],[66978.8,4220,1],[66978.7,4161,1],[66978.6,3705,1],[66978.5,4275,1],[66978.4,102882,2],[66978.3,3791,1],[66978.2,3443,1],[66978.1,3461,1],[66978,3965,1],[66977.9,3889,1],[66977.8,3489,1],[66977.7,3940,1],[66977.6,4087,1],[66977.5,4255,1],[66977.4,6054,2]],"asks":[[66979.4,9206,2],[66979.5,4277,1],[66979.6,4545,1],[66979.7,3689,1],[66979.8,3574,1],[66979.9,4220,1],[66980,4161,1],[66980.1,3705,1],[66980.2,103615,2],[66980.3,3542,1],[66980.4,3791,1],[66980.5,3443,1],[66980.6,3461,1],[66980.7,3965,1],[66980.8,3889,1],[66980.9,3489,1],[66981,3940,1],[66981.1,4087,1],[66981.2,4255,1],[66981.3,4635,1]]},{"timestamp":1770980292148,"version":32445631930,"bids":[[66983.4,10466,1],[66983.3,4077,1],[66983.2,4603,1],[66983.1,4512,1],[66983,4518,1],[66982.9,4473,1],[66982.8,4080,1],[66982.7,3957,1],[66982.6,3581,1],[66982.5,103969,2],[66982.4,4108,1],[66982.3,4091,1],[66982.2,4481,1],[66982.1,3671,1],[66982,3764,1],[66981.9,4021,1],[66981.8,4293,1],[66981.7,3553,1],[66981.6,4604,1],[66981.5,3747,1]],"asks":[[66983.5,10466,1],[66983.6,4077,1],[66983.7,4603,1],[66983.8,4512,1],[66983.9,4518,1],[66984,4473,1],[66984.1,4080,1],[66984.2,3957,1],[66984.3,102915,2],[66984.4,4635,1],[66984.5,4108,1],[66984.6,4091,1],[66984.7,4481,1],[66984.8,3671,1],[66984.9,3764,1],[66985,4021,1],[66985.1,4293,1],[66985.2,3553,1],[66985.3,4604,1],[66985.4,3747,1]]},{"timestamp":1770980294405,"version":32445632615,"bids":[[66981.9,13501,2],[66981.8,7476,2],[66981.7,8410,2],[66981.6,3557,1],[66981.5,3624,1],[66981.4,3891,1],[66981.3,3585,1],[66981.2,4238,1],[66981.1,3712,1],[66981,102786,2],[66980.9,4107,1],[66980.8,3440,1],[66980.4,3578,1],[66980.3,3452,1],[66980.2,3935,1],[66980.1,4422,1],[66980,4502,1],[66979.9,4603,1],[66979.8,4015,1],[66979.7,4022,1]],"asks":[[66982,18828,2],[66982.1,3515,1],[66982.2,4227,1],[66982.3,4423,1],[66982.4,4330,1],[66982.5,4050,1],[66982.6,13110,2],[66982.7,22224,3],[66982.8,112301,3],[66982.9,14092,3],[66983,13723,2],[66983.1,16274,5],[66983.2,4631,2],[66983.3,14468,3],[66983.4,22802,4],[66983.5,200,2],[66983.8,4044,1],[66983.9,3625,1],[66984,4588,1],[66984.1,3564,1]]},{"timestamp":1770980296698,"version":32445634875,"bids":[[66972.8,2448,1],[66972.5,13869,2],[66972.4,7428,2],[66972.3,7957,2],[66972.2,4141,1],[66972.1,3682,1],[66972,3766,1],[66971.9,4368,1],[66971.8,4264,1],[66971.7,3669,1],[66971.6,102903,2],[66971.5,3576,1],[66971.4,3734,1],[66971,3650,1],[66970.9,3779,1],[66970.8,3889,1],[66970.7,4160,1],[66970.6,4229,1],[66970.5,3674,1],[66970.4,4066,1]],"asks":[[66972.9,65,2],[66973,12874,2],[66973.1,3471,1],[66973.2,3486,1],[66973.3,3619,1],[66973.4,103534,2],[66973.5,4458,1],[66973.6,3694,1],[66973.7,3644,1],[66973.8,4456,1],[66973.9,4283,1],[66974,3668,1],[66974.3,15,1],[66974.6,4367,1],[66974.7,4577,1],[66974.8,3916,1],[66974.9,4062,1],[66975,3758,1],[66975.2,4357,1],[66975.3,5020,1]]},{"timestamp":1770980298849,"version":32445635245,"bids":[[66972.5,9601,1],[66972.4,3738,1],[66972.3,3491,1],[66972.2,3457,1],[66972.1,3441,1],[66972,3594,1],[66971.9,4062,1],[66971.8,4202,1],[66971.7,3752,1],[66971.6,102931,2],[66971.5,4289,1],[66971.4,3561,1],[66971.3,4385,1],[66971.2,4121,1],[66971.1,3784,1],[66971,4462,1],[66970.9,4070,1],[66970.8,3534,1],[66970.7,4542,1],[66970.6,4492,1]],"asks":[[66972.6,17720,2],[66972.7,3738,1],[66972.8,3491,1],[66972.9,3507,2],[66973,3441,1],[66973.1,3594,1],[66973.2,4062,1],[66973.3,4202,1],[66973.4,103103,2],[66973.5,3580,1],[66973.6,4289,1],[66973.7,3561,1],[66973.8,4385,1],[66973.9,4121,1],[66974,3784,1],[66974.1,4462,1],[66974.2,4070,1],[66974.3,3549,2],[66974.4,4542,1],[66974.5,4492,1]]},{"timestamp":1770980301233,"version":32445636105,"bids":[[66972.5,8565,1],[66972.4,4325,1],[66972.3,4047,1],[66972.2,3802,1],[66972.1,3773,1],[66972,4587,1],[66971.9,3514,1],[66971.8,4155,1],[66971.7,4212,1],[66971.6,102860,2],[66971.5,4596,1],[66971.4,3883,1],[66971.3,3654,1],[66971.2,4097,1],[66971.1,4032,1],[66971,4518,1],[66970.9,4318,1],[66970.8,3743,1],[66970.7,3819,1],[66970.6,4558,1]],"asks":[[66972.6,8565,1],[66972.7,4325,1],[66972.8,4047,1],[66972.9,3852,2],[66973,3773,1],[66973.1,4587,1],[66973.2,3514,1],[66973.3,4155,1],[66973.4,103563,2],[66973.5,3509,1],[66973.6,4596,1],[66973.7,3883,1],[66973.8,3654,1],[66973.9,4097,1],[66974,4032,1],[66974.1,5937,2],[66974.2,4318,1],[66974.3,3743,1],[66974.4,3818,1],[66974.5,4558,1]]},{"timestamp":1770980303281,"version":32445636625,"bids":[[66972.5,25678,4],[66972.4,12416,2],[66972.3,3784,1],[66972.2,3662,1],[66972.1,4090,1],[66972,5644,2],[66971.9,4459,1],[66971.8,4541,1],[66971.7,3636,1],[66971.6,103013,2],[66971.5,4431,1],[66971.4,3751,1],[66971.3,3948,1],[66971.2,4064,1],[66971.1,4410,1],[66971,4552,1],[66970.9,3545,1],[66970.8,4333,1],[66970.7,3693,1],[66970.6,3703,1]],"asks":[[66972.6,9177,2],[66972.7,3710,1],[66972.8,3784,1],[66972.9,3712,2],[66973,4090,1],[66973.1,4225,1],[66973.2,4459,1],[66973.3,4541,1],[66973.4,102987,2],[66973.5,3662,1],[66973.6,4431,1],[66973.7,3751,1],[66973.8,3948,1],[66973.9,4064,1],[66974,4410,1],[66974.1,4552,1],[66974.2,3545,1],[66974.3,4333,1],[66974.4,3693,1],[66974.5,3703,1]]},{"timestamp":1770980305280,"version":32445637015,"bids":[[66972.5,10508,1],[66972.4,4407,1],[66972.3,4235,1],[66972.2,4524,1],[66972.1,3658,1],[66972,3550,1],[66971.9,3851,1],[66971.8,4481,1],[66971.7,3471,1],[66971.6,103118,2],[66971.5,3652,1],[66971.4,3806,1],[66971.3,3808,1],[66971.2,4048,1],[66971.1,4292,1],[66971,3944,1],[66970.9,3582,1],[66970.8,3503,1],[66970.7,4140,1],[66970.6,3571,1]],"asks":[[66972.6,7369,1],[66972.7,4407,1],[66972.8,4235,1],[66972.9,4574,2],[66973,3658,1],[66973.1,3550,1],[66973.2,3851,1],[66973.3,4481,1],[66973.4,102822,2],[66973.5,3767,1],[66973.6,3652,1],[66973.7,3806,1],[66973.8,3808,1],[66973.9,4048,1],[66974,4292,1],[66974.1,3944,1],[66974.2,3582,1],[66974.3,3503,1],[66974.4,4140,1],[66974.5,3571,1]]},{"timestamp":1770980307718,"version":32445639205,"bids":[[66964.9,10645,1],[66964.8,3543,1],[66964.7,4199,1],[66964.6,3580,1],[66964.5,4477,1],[66964.4,3600,1],[66964.3,4596,1],[66964.2,4547,1],[66964.1,4188,1],[66964,103840,2],[66963.9,4492,1],[66963.8,4395,1],[66963.7,3479,1],[66963.6,4371,1],[66963.5,4329,1],[66963.4,4432,1],[66963.3,3777,1],[66963.2,3447,1],[66963.1,4295,1],[66963,4260,1]],"asks":[[66965,33204,9],[66965.1,3543,1],[66965.2,4199,1],[66965.3,3580,1],[66965.4,4477,1],[66965.5,3600,1],[66965.6,4596,1],[66965.7,4547,1],[66965.8,103550,2],[66965.9,4478,1],[66966,4492,1],[66966.1,4395,1],[66966.2,3479,1],[66966.3,4371,1],[66966.4,5748,2],[66966.5,4432,1],[66966.6,3777,1],[66966.7,3447,1],[66966.8,4295,1],[66966.9,4260,1]]},{"timestamp":1770980309808,"version":32445640925,"bids":[[66960.2,1419,1],[66960,1,1],[66959.2,4793,1],[66959,4885,1],[66958.8,6306,2],[66958.6,3714,1],[66958.4,4148,1],[66958.2,15414,3],[66958.1,2765,1],[66958,7131,2],[66957.9,11535,2],[66957.8,6983,2],[66957.7,2695,1],[66957.6,6967,3],[66957.5,2778,1],[66957.4,8072,3],[66957.3,2371,1],[66957.2,6537,2],[66957.1,2609,1],[66957,7409,2]],"asks":[[66961,8998,1],[66965,9979,1],[66965.1,3956,1],[66965.2,3989,1],[66965.3,3683,1],[66965.4,4373,1],[66965.5,4416,1],[66965.6,4096,1],[66965.7,3928,1],[66965.8,103727,2],[66965.9,3687,1],[66966,3931,1],[66966.1,3598,1],[66966.2,3559,1],[66966.3,3709,1],[66966.4,3664,1],[66966.5,4427,1],[66966.6,4268,1],[66966.7,3590,1],[66966.8,4080,1]]},{"timestamp":1770980312026,"version":32445641330,"bids":[[66964.9,17198,3],[66964.8,4162,1],[66964.7,4222,1],[66964.6,3913,1],[66964.5,3781,1],[66964.4,4553,1],[66964.3,4631,1],[66964.2,4340,1],[66964.1,4039,1],[66964,103347,2],[66963.9,4288,1],[66963.8,3767,1],[66963.7,4102,1],[66963.6,4345,1],[66963.5,4356,1],[66963.4,3870,1],[66963.3,3568,1],[66963.2,6879,2],[66963.1,4184,1],[66963,3909,1]],"asks":[[66965,8881,1],[66965.1,4162,1],[66965.2,4222,1],[66965.3,3913,1],[66965.4,3781,1],[66965.5,4553,1],[66965.6,4631,1],[66965.7,4340,1],[66965.8,103401,2],[66965.9,3985,1],[66966,4288,1],[66966.1,3767,1],[66966.2,4102,1],[66966.3,4345,1],[66966.4,4356,1],[66966.5,3870,1],[66966.6,3568,1],[66966.7,4428,1],[66966.8,4184,1],[66966.9,3909,1]]},{"timestamp":1770980314190,"version":32445641705,"bids":[[66964.9,6379,1],[66964.8,4389,1],[66964.7,3644,1],[66964.6,4028,1],[66964.5,3931,1],[66964.4,4107,1],[66964.3,3654,1],[66964.2,4336,1],[66964.1,3620,1],[66964,103875,2],[66963.9,4032,1],[66963.8,4380,1],[66963.7,4214,1],[66963.6,3721,1],[66963.5,3859,1],[66963.4,4149,1],[66963.3,3898,1],[66963.2,6451,2],[66963.1,4357,1],[66963,4265,1]],"asks":[[66965,11223,5],[66965.1,4389,1],[66965.2,3644,1],[66965.3,4028,1],[66965.4,3931,1],[66965.5,4107,1],[66965.6,3654,1],[66965.7,4336,1],[66965.8,102982,2],[66965.9,4513,1],[66966,4032,1],[66966.1,4380,1],[66966.2,4214,1],[66966.3,3721,1],[66966.4,5278,2],[66966.5,4149,1],[66966.6,3898,1],[66966.7,4000,1],[66966.8,4357,1],[66966.9,4265,1]]}]}},"trades":[{"p":66992.4,"v":13,"T":1,"O":3,"M":1,"t":1770980191076,"i":"13368764985"},{"p":66992.4,"v":7,"T":1,"O":3,"M":1,"t":1770980191076,"i":"13368764984"},{"p":66992,"v":649,"T":2,"O":3,"M":2,"t":1770980190434,"i":"13368764943"},{"p":66992.4,"v":15,"T":2,"O":3,"M":2,"t":1770980190434,"i":"13368764942"},{"p":66992.5,"v":2936,"T":1,"O":1,"M":2,"t":1770980190084,"i":"13368764886"},{"p":66992.4,"v":4006,"T":1,"O":1,"M":2,"t":1770980190084,"i":"13368764885"},{"p":66992.3,"v":4228,"T":1,"O":3,"M":2,"t":1770980190084,"i":"13368764884"},{"p":66992.2,"v":3757,"T":1,"O":3,"M":2,"t":1770980190084,"i":"13368764883"},{"p":66992.2,"v":16,"T":1,"O":3,"M":1,"t":1770980190077,"i":"13368764882"},{"p":66992.1,"v":1,"T":2,"O":3,"M":1,"t":1770980189576,"i":"13368764855"},{"p":66992.1,"v":1,"T":2,"O":3,"M":1,"t":1770980189575,"i":"13368764853"},{"p":66992.2,"v":25,"T":1,"O":3,"M":1,"t":1770980189076,"i":"13368764811"},{"p":66992.1,"v":30,"T":2,"O":1,"M":2,"t":1770980188749,"i":"13368764799"},{"p":66992.1,"v":86,"T":2,"O":3,"M":2,"t":1770980188575,"i":"13368764770"},{"p":66992.1,"v":2,"T":2,"O":3,"M":1,"t":1770980188077,"i":"13368764694"},{"p":66992.1,"v":5,"T":2,"O":3,"M":1,"t":1770980188077,"i":"13368764693"},{"p":66992.2,"v":74,"T":1,"O":3,"M":2,"t":1770980187879,"i":"13368764686"},{"p":66992.1,"v":143,"T":2,"O":1,"M":2,"t":1770980187727,"i":"13368764683"},{"p":66992.2,"v":3,"T":1,"O":3,"M":1,"t":1770980187579,"i":"13368764656"},{"p":66992.2,"v":4,"T":1,"O":3,"M":1,"t":1770980187578,"i":"13368764655"},{"p":66992.2,"v":4,"T":1,"O":3,"M":1,"t":1770980187577,"i":"13368764654"},{"p":66992.2,"v":2,"T":1,"O":3,"M":1,"t":1770980187577,"i":"13368764653"},{"p":66992.2,"v":3,"T":1,"O":3,"M":1,"t":1770980187577,"i":"13368764652"},{"p":66992.2,"v":4,"T":1,"O":3,"M":1,"t":1770980187577,"i":"13368764651"},{"p":66992,"v":232,"T":2,"O":3,"M":2,"t":1770980187019,"i":"13368764586"},{"p":66992,"v":2421,"T":2,"O":1,"M":2,"t":1770980186977,"i":"13368764584"},{"p":66994.3,"v":1490,"T":2,"O":1,"M":2,"t":1770980186977,"i":"13368764583"},{"p":67000,"v":69,"T":2,"O":1,"M":2,"t":1770980185823,"i":"13368764451"},{"p":67000,"v":5,"T":2,"O":1,"M":2,"t":1770980185823,"i":"13368764450"},{"p":67000,"v":1,"T":2,"O":3,"M":2,"t":1770980185823,"i":"13368764449"},{"p":67001.7,"v":37,"T":1,"O":3,"M":2,"t":1770980185758,"i":"13368764446"},{"p":67003.8,"v":128,"T":1,"O":1,"M":2,"t":1770980185594,"i":"13368764433"},{"p":67011.4,"v":3,"T":1,"O":3,"M":1,"t":1770980185078,"i":"13368764354"},{"p":67011.4,"v":4,"T":1,"O":3,"M":1,"t":1770980185075,"i":"13368764353"},{"p":67011.3,"v":18,"T":2,"O":3,"M":2,"t":1770980184957,"i":"13368764351"},{"p":67011.3,"v":138,"T":2,"O":1,"M":2,"t":1770980184717,"i":"13368764341"},{"p":67011.3,"v":767,"T":2,"O":1,"M":2,"t":1770980184313,"i":"13368764332"},{"p":67011.3,"v":8,"T":2,"O":3,"M":1,"t":1770980184077,"i":"13368764285"},{"p":67011.3,"v":11,"T":2,"O":3,"M":1,"t":1770980184077,"i":"13368764284"},{"p":67011.4,"v":14,"T":1,"O":1,"M":2,"t":1770980183596,"i":"13368764271"},{"p":67011.4,"v":479,"T":1,"O":1,"M":2,"t":1770980183027,"i":"13368764180"},{"p":67011.3,"v":41,"T":2,"O":1,"M":2,"t":1770980183014,"i":"13368764179"},{"p":67011.4,"v":385,"T":1,"O":3,"M":2,"t":1770980182877,"i":"13368764177"},{"p":67011.3,"v":17,"T":2,"O":3,"M":1,"t":1770980182578,"i":"13368764153"},{"p":67011.4,"v":5,"T":1,"O":3,"M":1,"t":1770980182077,"i":"13368764076"},{"p":67011.3,"v":86,"T":2,"O":1,"M":2,"t":1770980181644,"i":"13368764059"},{"p":67011.4,"v":9,"T":2,"O":3,"M":1,"t":1770980181077,"i":"13368763962"},{"p":67011.4,"v":2,"T":2,"O":3,"M":1,"t":1770980181077,"i":"13368763961"},{"p":67011.4,"v":7,"T":2,"O":3,"M":1,"t":1770980181077,"i":"13368763960"},{"p":67011.3,"v":4,"T":2,"O":3,"M":1,"t":1770980180576,"i":"13368763910"},{"p":67011.4,"v":298,"T":1,"O":2,"M":2,"t":1770980180437,"i":"13368763904"},{"p":67019.1,"v":8999,"T":1,"O":3,"M":2,"t":1770980179914,"i":"13368763845"},{"p":67019.1,"v":1419,"T":1,"O":3,"M":2,"t":1770980179914,"i":"13368763844"},{"p":67019.1,"v":4319,"T":1,"O":2,"M":2,"t":1770980179914,"i":"13368763843"},{"p":67019,"v":822,"T":1,"O":3,"M":2,"t":1770980179914,"i":"13368763842"},{"p":67019,"v":822,"T":1,"O":3,"M":2,"t":1770980179914,"i":"13368763841"},{"p":67019,"v":822,"T":1,"O":3,"M":2,"t":1770980179914,"i":"13368763840"},{"p":67019,"v":822,"T":1,"O":3,"M":2,"t":1770980179914,"i":"13368763839"},{"p":67019,"v":4095,"T":1,"O":2,"M":2,"t":1770980179914,"i":"13368763838"},{"p":67018.9,"v":16,"T":1,"O":3,"M":2,"t":1770980179913,"i":"13368763837"},{"p":67018.9,"v":16,"T":1,"O":3,"M":2,"t":1770980179913,"i":"13368763836"},{"p":67018.9,"v":9103,"T":1,"O":3,"M":2,"t":1770980179913,"i":"13368763835"},{"p":67018.9,"v":9103,"T":1,"O":3,"M":2,"t":1770980179913,"i":"13368763834"},{"p":67018.9,"v":9642,"T":1,"O":2,"M":2,"t":1770980179913,"i":"13368763833"},{"p":67018.9,"v":500,"T":1,"O":3,"M":2,"t":1770980179666,"i":"13368763811"},{"p":67018.9,"v":13,"T":2,"O":3,"M":1,"t":1770980179576,"i":"13368763791"},{"p":67018.8,"v":4,"T":2,"O":3,"M":2,"t":1770980179149,"i":"13368763742"},{"p":67020.2,"v":12,"T":2,"O":3,"M":1,"t":1770980178576,"i":"13368763691"},{"p":67020.3,"v":74,"T":1,"O":3,"M":2,"t":1770980178280,"i":"13368763667"},{"p":67020.3,"v":1,"T":1,"O":1,"M":2,"t":1770980178228,"i":"13368763654"},{"p":67020.3,"v":1,"T":1,"O":1,"M":2,"t":1770980178228,"i":"13368763653"},{"p":67020.3,"v":1,"T":1,"O":1,"M":2,"t":1770980178228,"i":"13368763652"},{"p":67020.3,"v":1,"T":1,"O":1,"M":2,"t":1770980178228,"i":"13368763651"},{"p":67020.3,"v":1,"T":1,"O":1,"M":2,"t":1770980178228,"i":"13368763650"},{"p":67020.3,"v":1,"T":1,"O":1,"M":2,"t":1770980178228,"i":"13368763649"},{"p":67020.3,"v":1,"T":1,"O":1,"M":2,"t":1770980178228,"i":"13368763648"},{"p":67020.3,"v":1,"T":1,"O":1,"M":2,"t":1770980178228,"i":"13368763647"},{"p":67020.3,"v":1,"T":1,"O":1,"M":2,"t":1770980178228,"i":"13368763646"},{"p":67020.3,"v":1,"T":1,"O":1,"M":2,"t":1770980178228,"i":"13368763645"},{"p":67020.3,"v":1,"T":1,"O":1,"M":2,"t":1770980178228,"i":"13368763644"},{"p":67020.3,"v":1,"T":1,"O":1,"M":2,"t":1770980178228,"i":"13368763643"},{"p":67020.3,"v":1,"T":1,"O":1,"M":2,"t":1770980178228,"i":"13368763642"},{"p":67020.3,"v":1,"T":1,"O":1,"M":2,"t":1770980178228,"i":"13368763641"},{"p":67020.3,"v":1,"T":1,"O":1,"M":2,"t":1770980178228,"i":"13368763640"},{"p":67020.3,"v":1,"T":1,"O":1,"M":2,"t":1770980178228,"i":"13368763639"},{"p":67020.3,"v":1,"T":1,"O":1,"M":2,"t":1770980178227,"i":"13368763638"},{"p":67020.3,"v":1,"T":1,"O":1,"M":2,"t":1770980178227,"i":"13368763637"},{"p":67022.6,"v":63,"T":1,"O":3,"M":2,"t":1770980177865,"i":"13368763595"},{"p":67020,"v":5,"T":1,"O":2,"M":2,"t":1770980177865,"i":"13368763594"},{"p":67016,"v":1,"T":1,"O":3,"M":2,"t":1770980177839,"i":"13368763593"},{"p":67009.2,"v":1,"T":1,"O":1,"M":2,"t":1770980177777,"i":"13368763592"},{"p":67008.8,"v":336,"T":1,"O":1,"M":2,"t":1770980177776,"i":"13368763591"},{"p":67008.7,"v":3,"T":2,"O":3,"M":1,"t":1770980177078,"i":"13368763513"},{"p":67008.7,"v":2,"T":2,"O":3,"M":1,"t":1770980177077,"i":"13368763512"},{"p":67008.8,"v":9,"T":1,"O":3,"M":1,"t":1770980176078,"i":"13368763419"},{"p":67008.7,"v":322,"T":2,"O":1,"M":2,"t":1770980175252,"i":"13368763345"},{"p":67008.8,"v":17,"T":1,"O":3,"M":1,"t":1770980175077,"i":"13368763287"},{"p":67008.7,"v":315,"T":2,"O":1,"M":2,"t":1770980174690,"i":"13368763259"},{"p":67008.8,"v":2,"T":1,"O":3,"M":2,"t":1770980174580,"i":"13368763251"},{"p":67008.8,"v":1,"T":1,"O":3,"M":1,"t":1770980174577,"i":"13368763246"}],"klines":{"1m":[{"ts":"2026-02-13T06:57:00Z","o":66235.9,"h":66283.3,"l":66228.8,"c":66266.4,"v":364882.0},{"ts":"2026-02-13T06:58:00Z","o":66266.4,"h":66363.0,"l":66253.0,"c":66361.9,"v":505764.0},{"ts":"2026-02-13T06:59:00Z","o":66361.9,"h":66367.5,"l":66328.5,"c":66330.4,"v":357598.0},{"ts":"2026-02-13T07:00:00Z","o":66330.4,"h":66366.4,"l":66304.4,"c":66337.0,"v":223637.0},{"ts":"2026-02-13T07:01:00Z","o":66337.0,"h":66345.8,"l":66318.4,"c":66341.6,"v":87226.0},{"ts":"2026-02-13T07:02:00Z","o":66341.6,"h":66358.5,"l":66320.8,"c":66334.8,"v":161804.0},{"ts":"2026-02-13T07:03:00Z","o":66334.8,"h":66450.0,"l":66323.0,"c":66428.3,"v":485092.0},{"ts":"2026-02-13T07:04:00Z","o":66428.3,"h":66441.3,"l":66413.3,"c":66426.2,"v":274250.0},{"ts":"2026-02-13T07:05:00Z","o":66426.2,"h":66445.0,"l":66395.0,"c":66395.1,"v":229534.0},{"ts":"2026-02-13T07:06:00Z","o":66395.1,"h":66413.1,"l":66351.3,"c":66389.5,"v":304595.0},{"ts":"2026-02-13T07:07:00Z","o":66389.5,"h":66413.0,"l":66361.3,"c":66366.3,"v":218644.0},{"ts":"2026-02-13T07:08:00Z","o":66366.3,"h":66409.7,"l":66366.3,"c":66382.3,"v":169435.0},{"ts":"2026-02-13T07:09:00Z","o":66382.3,"h":66385.9,"l":66338.0,"c":66350.0,"v":207205.0},{"ts":"2026-02-13T07:10:00Z","o":66350.0,"h":66399.9,"l":66350.0,"c":66399.9,"v":211635.0},{"ts":"2026-02-13T07:11:00Z","o":66399.9,"h":66485.9,"l":66391.2,"c":66468.0,"v":857126.0},{"ts":"2026-02-13T07:12:00Z","o":66468.0,"h":66533.0,"l":66452.8,"c":66490.9,"v":446476.0},{"ts":"2026-02-13T07:13:00Z","o":66490.9,"h":66543.2,"l":66490.9,"c":66523.3,"v":254595.0},{"ts":"2026-02-13T07:14:00Z","o":66523.3,"h":66534.6,"l":66467.5,"c":66497.5,"v":237316.0},{"ts":"2026-02-13T07:15:00Z","o":66497.5,"h":66540.1,"l":66470.7,"c":66495.5,"v":273717.0},{"ts":"2026-02-13T07:16:00Z","o":66495.5,"h":66500.0,"l":66459.0,"c":66459.1,"v":236809.0},{"ts":"2026-02-13T07:17:00Z","o":66459.1,"h":66471.8,"l":66429.4,"c":66450.1,"v":234935.0},{"ts":"2026-02-13T07:18:00Z","o":66450.1,"h":66452.8,"l":66416.5,"c":66430.8,"v":190664.0},{"ts":"2026-02-13T07:19:00Z","o":66430.8,"h":66440.0,"l":66409.7,"c":66429.9,"v":170225.0},{"ts":"2026-02-13T07:20:00Z","o":66429.9,"h":66440.0,"l":66385.8,"c":66394.1,"v":247787.0},{"ts":"2026-02-13T07:21:00Z","o":66394.1,"h":66461.9,"l":66394.1,"c":66454.0,"v":280402.0},{"ts":"2026-02-13T07:22:00Z","o":66454.0,"h":66454.0,"l":66397.0,"c":66420.9,"v":279161.0},{"ts":"2026-02-13T07:23:00Z","o":66420.9,"h":66421.0,"l":66402.6,"c":66402.7,"v":174805.0},{"ts":"2026-02-13T07:24:00Z","o":66402.7,"h":66470.0,"l":66390.0,"c":66469.3,"v":197703.0},{"ts":"2026-02-13T07:25:00Z","o":66469.3,"h":66469.3,"l":66416.2,"c":66416.6,"v":273555.0},{"ts":"2026-02-13T07:26:00Z","o":66416.6,"h":66429.8,"l":66399.3,"c":66427.4,"v":170818.0},{"ts":"2026-02-13T07:27:00Z","o":66427.4,"h":66450.0,"l":66427.3,"c":66443.4,"v":87961.0},{"ts":"2026-02-13T07:28:00Z","o":66443.4,"h":66450.0,"l":66437.6,"c":66444.0,"v":82643.0},{"ts":"2026-02-13T07:29:00Z","o":66444.0,"h":66491.1,"l":66426.0,"c":66490.0,"v":210511.0},{"ts":"2026-02-13T07:30:00Z","o":66490.0,"h":66490.0,"l":66375.6,"c":66375.6,"v":280370.0},{"ts":"2026-02-13T07:31:00Z","o":66375.6,"h":66399.8,"l":66371.8,"c":66377.9,"v":206881.0},{"ts":"2026-02-13T07:32:00Z","o":66377.9,"h":66385.9,"l":66326.0,"c":66326.1,"v":215705.0},{"ts":"2026-02-13T07:33:00Z","o":66326.1,"h":66354.0,"l":66305.3,"c":66306.7,"v":291027.0},{"ts":"2026-02-13T07:34:00Z","o":66306.7,"h":66332.6,"l":66288.6,"c":66320.9,"v":320007.0},{"ts":"2026-02-13T07:35:00Z","o":66320.9,"h":66337.9,"l":66284.3,"c":66293.7,"v":147446.0},{"ts":"2026-02-13T07:36:00Z","o":66293.7,"h":66293.7,"l":66235.5,"c":66235.5,"v":405461.0},{"ts":"2026-02-13T07:37:00Z","o":66235.5,"h":66235.6,"l":66195.4,"c":66196.6,"v":581503.0},{"ts":"2026-02-13T07:38:00Z","o":66196.6,"h":66200.0,"l":66149.8,"c":66177.1,"v":369389.0},{"ts":"2026-02-13T07:39:00Z","o":66177.1,"h":66212.4,"l":66176.8,"c":66200.3,"v":343630.0},{"ts":"2026-02-13T07:40:00Z","o":66200.3,"h":66200.3,"l":66160.3,"c":66170.7,"v":493377.0},{"ts":"2026-02-13T07:41:00Z","o":66170.7,"h":66174.2,"l":66130.0,"c":66131.9,"v":255991.0},{"ts":"2026-02-13T07:42:00Z","o":66131.9,"h":66131.9,"l":66111.4,"c":66115.0,"v":369049.0},{"ts":"2026-02-13T07:43:00Z","o":66115.0,"h":66117.4,"l":66105.7,"c":66109.9,"v":204799.0},{"ts":"2026-02-13T07:44:00Z","o":66109.9,"h":66136.0,"l":66093.8,"c":66094.0,"v":362720.0},{"ts":"2026-02-13T07:45:00Z","o":66094.0,"h":66125.8,"l":66060.7,"c":66073.7,"v":370449.0},{"ts":"2026-02-13T07:46:00Z","o":66073.7,"h":66137.9,"l":66073.6,"c":66124.8,"v":307796.0},{"ts":"2026-02-13T07:47:00Z","o":66124.8,"h":66132.6,"l":66078.9,"c":66079.0,"v":247371.0},{"ts":"2026-02-13T07:48:00Z","o":66079.0,"h":66079.0,"l":66040.9,"c":66067.6,"v":399260.0},{"ts":"2026-02-13T07:49:00Z","o":66067.6,"h":66118.3,"l":66067.1,"c":66118.3,"v":259931.0},{"ts":"2026-02-13T07:50:00Z","o":66118.3,"h":66118.3,"l":66071.4,"c":66071.4,"v":114178.0},{"ts":"2026-02-13T07:51:00Z","o":66071.4,"h":66074.6,"l":66018.0,"c":66033.0,"v":336894.0},{"ts":"2026-02-13T07:52:00Z","o":66033.0,"h":66117.0,"l":66032.9,"c":66116.9,"v":203422.0},{"ts":"2026-02-13T07:53:00Z","o":66116.9,"h":66165.4,"l":66113.4,"c":66165.3,"v":484947.0},{"ts":"2026-02-13T07:54:00Z","o":66165.3,"h":66278.8,"l":66165.3,"c":66278.8,"v":538560.0},{"ts":"2026-02-13T07:55:00Z","o":66278.8,"h":66300.0,"l":66237.0,"c":66243.7,"v":619567.0},{"ts":"2026-02-13T07:56:00Z","o":66243.7,"h":66267.0,"l":66231.2,"c":66254.9,"v":221802.0},{"ts":"2026-02-13T07:57:00Z","o":66254.9,"h":66255.0,"l":66161.1,"c":66172.7,"v":445755.0},{"ts":"2026-02-13T07:58:00Z","o":66172.7,"h":66189.8,"l":66132.0,"c":66184.3,"v":321137.0},{"ts":"2026-02-13T07:59:00Z","o":66184.3,"h":66205.3,"l":66180.0,"c":66183.2,"v":334590.0},{"ts":"2026-02-13T08:00:00Z","o":66183.2,"h":66221.0,"l":66178.6,"c":66209.4,"v":188310.0},{"ts":"2026-02-13T08:01:00Z","o":66209.4,"h":66239.0,"l":66180.6,"c":66180.7,"v":240605.0},{"ts":"2026-02-13T08:02:00Z","o":66180.7,"h":66199.9,"l":66159.9,"c":66199.0,"v":329015.0},{"ts":"2026-02-13T08:03:00Z","o":66199.0,"h":66262.5,"l":66198.9,"c":66262.5,"v":504464.0},{"ts":"2026-02-13T08:04:00Z","o":66262.5,"h":66336.6,"l":66262.4,"c":66312.0,"v":421696.0},{"ts":"2026-02-13T08:05:00Z","o":66312.0,"h":66366.0,"l":66306.4,"c":66365.2,"v":425031.0},{"ts":"2026-02-13T08:06:00Z","o":66365.2,"h":66437.4,"l":66364.0,"c":66416.4,"v":584000.0},{"ts":"2026-02-13T08:07:00Z","o":66416.4,"h":66459.6,"l":66402.9,"c":66409.6,"v":368363.0},{"ts":"2026-02-13T08:08:00Z","o":66409.6,"h":66409.7,"l":66346.6,"c":66347.5,"v":326507.0},{"ts":"2026-02-13T08:09:00Z","o":66347.5,"h":66361.0,"l":66252.8,"c":66258.1,"v":191285.0},{"ts":"2026-02-13T08:10:00Z","o":66258.1,"h":66306.2,"l":66258.1,"c":66272.1,"v":139135.0},{"ts":"2026-02-13T08:11:00Z","o":66272.1,"h":66304.7,"l":66272.1,"c":66300.6,"v":145612.0},{"ts":"2026-02-13T08:12:00Z","o":66300.6,"h":66328.0,"l":66282.7,"c":66322.1,"v":146591.0},{"ts":"2026-02-13T08:13:00Z","o":66322.1,"h":66327.2,"l":66272.9,"c":66286.2,"v":70049.0},{"ts":"2026-02-13T08:14:00Z","o":66286.2,"h":66286.3,"l":66230.9,"c":66232.1,"v":124235.0},{"ts":"2026-02-13T08:15:00Z","o":66232.1,"h":66250.6,"l":66215.3,"c":66219.4,"v":202025.0},{"ts":"2026-02-13T08:16:00Z","o":66219.4,"h":66244.3,"l":66185.8,"c":66228.6,"v":381814.0},{"ts":"2026-02-13T08:17:00Z","o":66228.6,"h":66250.2,"l":66216.8,"c":66221.2,"v":154883.0},{"ts":"2026-02-13T08:18:00Z","o":66221.2,"h":66243.1,"l":66206.7,"c":66222.6,"v":146346.0},{"ts":"2026-02-13T08:19:00Z","o":66222.6,"h":66305.9,"l":66213.3,"c":66298.3,"v":123336.0},{"ts":"2026-02-13T08:20:00Z","o":66298.3,"h":66302.1,"l":66250.0,"c":66250.1,"v":225845.0},{"ts":"2026-02-13T08:21:00Z","o":66250.1,"h":66374.9,"l":66241.8,"c":66373.3,"v":331847.0},{"ts":"2026-02-13T08:22:00Z","o":66373.3,"h":66391.7,"l":66329.9,"c":66333.8,"v":548485.0},{"ts":"2026-02-13T08:23:00Z","o":66333.8,"h":66347.1,"l":66315.5,"c":66340.0,"v":180042.0},{"ts":"2026-02-13T08:24:00Z","o":66340.0,"h":66340.1,"l":66263.5,"c":66263.6,"v":136129.0},{"ts":"2026-02-13T08:25:00Z","o":66263.6,"h":66412.5,"l":66263.6,"c":66389.7,"v":297616.0},{"ts":"2026-02-13T08:26:00Z","o":66389.7,"h":66389.7,"l":66353.8,"c":66374.4,"v":205372.0},{"ts":"2026-02-13T08:27:00Z","o":66374.4,"h":66380.0,"l":66356.8,"c":66365.5,"v":156289.0},{"ts":"2026-02-13T08:28:00Z","o":66365.5,"h":66392.0,"l":66365.4,"c":66387.4,"v":101817.0},{"ts":"2026-02-13T08:29:00Z","o":66387.4,"h":66405.2,"l":66376.2,"c":66382.8,"v":258984.0},{"ts":"2026-02-13T08:30:00Z","o":66382.8,"h":66382.9,"l":66349.4,"c":66354.4,"v":116589.0},{"ts":"2026-02-13T08:31:00Z","o":66354.4,"h":66408.9,"l":66341.4,"c":66399.2,"v":176561.0},{"ts":"2026-02-13T08:32:00Z","o":66399.2,"h":66440.2,"l":66384.1,"c":66391.3,"v":342359.0},{"ts":"2026-02-13T08:33:00Z","o":66391.3,"h":66433.0,"l":66388.0,"c":66419.0,"v":201015.0},{"ts":"2026-02-13T08:34:00Z","o":66419.0,"h":66440.0,"l":66413.3,"c":66430.1,"v":157176.0},{"ts":"2026-02-13T08:35:00Z","o":66430.1,"h":66460.1,"l":66400.1,"c":66460.1,"v":227797.0},{"ts":"2026-02-13T08:36:00Z","o":66460.1,"h":66475.2,"l":66445.4,"c":66474.9,"v":278120.0},{"ts":"2026-02-13T08:37:00Z","o":66474.9,"h":66511.1,"l":66425.0,"c":66425.0,"v":543676.0},{"ts":"2026-02-13T08:38:00Z","o":66425.0,"h":66431.2,"l":66405.4,"c":66415.2,"v":305432.0},{"ts":"2026-02-13T08:39:00Z","o":66415.2,"h":66416.6,"l":66390.6,"c":66397.3,"v":303626.0},{"ts":"2026-02-13T08:40:00Z","o":66397.3,"h":66447.9,"l":66397.3,"c":66408.2,"v":201810.0},{"ts":"2026-02-13T08:41:00Z","o":66408.2,"h":66436.5,"l":66402.6,"c":66407.0,"v":360782.0},{"ts":"2026-02-13T08:42:00Z","o":66407.0,"h":66407.0,"l":66369.1,"c":66391.7,"v":278904.0},{"ts":"2026-02-13T08:43:00Z","o":66391.7,"h":66444.2,"l":66391.6,"c":66444.1,"v":147897.0},{"ts":"2026-02-13T08:44:00Z","o":66444.1,"h":66477.0,"l":66443.9,"c":66477.0,"v":201839.0},{"ts":"2026-02-13T08:45:00Z","o":66477.0,"h":66580.0,"l":66476.9,"c":66550.2,"v":890257.0},{"ts":"2026-02-13T08:46:00Z","o":66550.2,"h":66570.8,"l":66525.4,"c":66549.4,"v":415065.0},{"ts":"2026-02-13T08:47:00Z","o":66549.4,"h":66664.9,"l":66536.9,"c":66660.5,"v":770340.0},{"ts":"2026-02-13T08:48:00Z","o":66660.5,"h":66723.0,"l":66644.6,"c":66681.0,"v":812392.0},{"ts":"2026-02-13T08:49:00Z","o":66681.0,"h":66692.9,"l":66631.9,"c":66631.9,"v":446198.0},{"ts":"2026-02-13T08:50:00Z","o":66631.9,"h":66632.0,"l":66595.6,"c":66596.0,"v":242122.0},{"ts":"2026-02-13T08:51:00Z","o":66596.0,"h":66620.0,"l":66575.8,"c":66619.7,"v":281636.0},{"ts":"2026-02-13T08:52:00Z","o":66619.7,"h":66638.0,"l":66579.4,"c":66592.9,"v":385089.0},{"ts":"2026-02-13T08:53:00Z","o":66592.9,"h":66666.0,"l":66592.3,"c":66664.2,"v":301137.0},{"ts":"2026-02-13T08:54:00Z","o":66664.2,"h":66676.9,"l":66604.9,"c":66652.5,"v":760224.0},{"ts":"2026-02-13T08:55:00Z","o":66652.5,"h":66656.0,"l":66555.2,"c":66561.8,"v":302765.0},{"ts":"2026-02-13T08:56:00Z","o":66561.8,"h":66623.6,"l":66561.8,"c":66620.1,"v":372366.0},{"ts":"2026-02-13T08:57:00Z","o":66620.1,"h":66620.1,"l":66583.5,"c":66599.8,"v":147979.0},{"ts":"2026-02-13T08:58:00Z","o":66599.8,"h":66660.7,"l":66587.4,"c":66621.2,"v":228646.0},{"ts":"2026-02-13T08:59:00Z","o":66621.2,"h":66676.1,"l":66621.2,"c":66674.8,"v":138139.0},{"ts":"2026-02-13T09:00:00Z","o":66674.8,"h":66674.8,"l":66640.5,"c":66670.0,"v":212743.0},{"ts":"2026-02-13T09:01:00Z","o":66670.0,"h":66697.5,"l":66628.8,"c":66647.5,"v":221172.0},{"ts":"2026-02-13T09:02:00Z","o":66647.5,"h":66654.7,"l":66586.3,"c":66586.3,"v":486913.0},{"ts":"2026-02-13T09:03:00Z","o":66586.3,"h":66634.1,"l":66580.0,"c":66634.1,"v":376308.0},{"ts":"2026-02-13T09:04:00Z","o":66634.1,"h":66671.2,"l":66631.0,"c":66631.0,"v":303327.0},{"ts":"2026-02-13T09:05:00Z","o":66631.0,"h":66697.6,"l":66621.0,"c":66621.0,"v":207674.0},{"ts":"2026-02-13T09:06:00Z","o":66621.0,"h":66646.6,"l":66599.7,"c":66646.5,"v":269642.0},{"ts":"2026-02-13T09:07:00Z","o":66646.5,"h":66740.4,"l":66640.7,"c":66720.0,"v":538228.0},{"ts":"2026-02-13T09:08:00Z","o":66720.0,"h":66735.1,"l":66686.7,"c":66697.0,"v":478525.0},{"ts":"2026-02-13T09:09:00Z","o":66697.0,"h":66767.4,"l":66697.0,"c":66748.9,"v":468346.0},{"ts":"2026-02-13T09:10:00Z","o":66748.9,"h":66793.1,"l":66714.0,"c":66759.9,"v":632548.0},{"ts":"2026-02-13T09:11:00Z","o":66759.9,"h":66772.1,"l":66732.6,"c":66753.7,"v":416498.0},{"ts":"2026-02-13T09:12:00Z","o":66753.7,"h":66830.9,"l":66751.2,"c":66763.7,"v":894776.0},{"ts":"2026-02-13T09:13:00Z","o":66763.7,"h":66763.8,"l":66621.0,"c":66641.2,"v":622397.0},{"ts":"2026-02-13T09:14:00Z","o":66641.2,"h":66672.0,"l":66641.2,"c":66653.5,"v":376760.0},{"ts":"2026-02-13T09:15:00Z","o":66653.5,"h":66682.0,"l":66647.0,"c":66670.2,"v":403506.0},{"ts":"2026-02-13T09:16:00Z","o":66670.2,"h":66760.0,"l":66670.2,"c":66697.7,"v":472245.0},{"ts":"2026-02-13T09:17:00Z","o":66697.7,"h":66697.7,"l":66632.4,"c":66639.9,"v":323240.0},{"ts":"2026-02-13T09:18:00Z","o":66639.9,"h":66655.2,"l":66606.0,"c":66651.3,"v":386763.0},{"ts":"2026-02-13T09:19:00Z","o":66651.3,"h":66695.3,"l":66636.5,"c":66695.3,"v":266665.0},{"ts":"2026-02-13T09:20:00Z","o":66695.3,"h":66695.3,"l":66645.6,"c":66666.0,"v":225432.0},{"ts":"2026-02-13T09:21:00Z","o":66666.0,"h":66735.0,"l":66659.2,"c":66734.9,"v":184482.0},{"ts":"2026-02-13T09:22:00Z","o":66734.9,"h":66741.2,"l":66666.9,"c":66681.9,"v":169034.0},{"ts":"2026-02-13T09:23:00Z","o":66681.9,"h":66749.0,"l":66654.0,"c":66748.9,"v":245841.0},{"ts":"2026-02-13T09:24:00Z","o":66748.9,"h":66809.8,"l":66733.8,"c":66761.5,"v":720328.0},{"ts":"2026-02-13T09:25:00Z","o":66761.5,"h":66761.5,"l":66717.5,"c":66717.6,"v":128936.0},{"ts":"2026-02-13T09:26:00Z","o":66717.6,"h":66739.2,"l":66687.1,"c":66739.1,"v":316664.0},{"ts":"2026-02-13T09:27:00Z","o":66739.1,"h":66743.8,"l":66723.6,"c":66740.7,"v":146908.0},{"ts":"2026-02-13T09:28:00Z","o":66740.7,"h":66761.6,"l":66730.8,"c":66761.6,"v":138227.0},{"ts":"2026-02-13T09:29:00Z","o":66761.6,"h":66790.2,"l":66750.1,"c":66790.1,"v":191261.0},{"ts":"2026-02-13T09:30:00Z","o":66790.1,"h":66790.1,"l":66743.2,"c":66749.4,"v":126447.0},{"ts":"2026-02-13T09:31:00Z","o":66749.4,"h":66797.0,"l":66749.4,"c":66784.3,"v":189938.0},{"ts":"2026-02-13T09:32:00Z","o":66784.3,"h":66843.8,"l":66765.9,"c":66818.7,"v":661263.0},{"ts":"2026-02-13T09:33:00Z","o":66818.7,"h":66875.7,"l":66802.9,"c":66863.4,"v":763644.0},{"ts":"2026-02-13T09:34:00Z","o":66863.4,"h":66875.1,"l":66825.7,"c":66873.1,"v":380781.0},{"ts":"2026-02-13T09:35:00Z","o":66873.1,"h":66873.1,"l":66829.7,"c":66837.5,"v":210741.0},{"ts":"2026-02-13T09:36:00Z","o":66837.5,"h":66882.1,"l":66837.5,"c":66882.1,"v":349319.0},{"ts":"2026-02-13T09:37:00Z","o":66882.1,"h":66911.2,"l":66794.6,"c":66817.4,"v":878995.0},{"ts":"2026-02-13T09:38:00Z","o":66817.4,"h":66845.7,"l":66789.9,"c":66792.9,"v":323880.0},{"ts":"2026-02-13T09:39:00Z","o":66792.9,"h":66848.1,"l":66792.8,"c":66820.5,"v":175304.0},{"ts":"2026-02-13T09:40:00Z","o":66820.5,"h":66829.9,"l":66772.3,"c":66784.5,"v":206051.0},{"ts":"2026-02-13T09:41:00Z","o":66784.5,"h":66840.5,"l":66784.5,"c":66824.7,"v":357521.0},{"ts":"2026-02-13T09:42:00Z","o":66824.7,"h":66875.1,"l":66824.6,"c":66868.7,"v":200015.0},{"ts":"2026-02-13T09:43:00Z","o":66868.7,"h":66874.2,"l":66834.8,"c":66847.3,"v":169589.0},{"ts":"2026-02-13T09:44:00Z","o":66847.3,"h":66875.0,"l":66803.4,"c":66822.6,"v":210129.0},{"ts":"2026-02-13T09:45:00Z","o":66822.6,"h":66887.8,"l":66821.2,"c":66887.7,"v":305753.0},{"ts":"2026-02-13T09:46:00Z","o":66887.7,"h":66948.9,"l":66887.7,"c":66948.8,"v":725760.0},{"ts":"2026-02-13T09:47:00Z","o":66948.8,"h":66986.0,"l":66921.7,"c":66978.1,"v":693451.0},{"ts":"2026-02-13T09:48:00Z","o":66978.1,"h":67041.7,"l":66963.6,"c":66964.9,"v":1207107.0},{"ts":"2026-02-13T09:49:00Z","o":66964.9,"h":67004.0,"l":66951.4,"c":66974.1,"v":313272.0},{"ts":"2026-02-13T09:50:00Z","o":66974.1,"h":66974.9,"l":66937.5,"c":66940.1,"v":323703.0},{"ts":"2026-02-13T09:51:00Z","o":66940.1,"h":66998.1,"l":66936.9,"c":66970.9,"v":419067.0},{"ts":"2026-02-13T09:52:00Z","o":66970.9,"h":66975.7,"l":66907.9,"c":66940.0,"v":393455.0},{"ts":"2026-02-13T09:53:00Z","o":66940.0,"h":66961.8,"l":66916.3,"c":66950.0,"v":229619.0},{"ts":"2026-02-13T09:54:00Z","o":66950.0,"h":66977.1,"l":66928.1,"c":66928.2,"v":121853.0},{"ts":"2026-02-13T09:55:00Z","o":66928.2,"h":66957.1,"l":66917.8,"c":66931.0,"v":260310.0},{"ts":"2026-02-13T09:56:00Z","o":66931.0,"h":66933.2,"l":66908.0,"c":66915.1,"v":203976.0},{"ts":"2026-02-13T09:57:00Z","o":66915.1,"h":66937.0,"l":66915.1,"c":66923.1,"v":160574.0},{"ts":"2026-02-13T09:58:00Z","o":66923.1,"h":66926.9,"l":66891.1,"c":66902.2,"v":200341.0},{"ts":"2026-02-13T09:59:00Z","o":66902.2,"h":66940.3,"l":66902.2,"c":66924.3,"v":127420.0},{"ts":"2026-02-13T10:00:00Z","o":66924.3,"h":66936.0,"l":66904.6,"c":66933.1,"v":149171.0},{"ts":"2026-02-13T10:01:00Z","o":66933.1,"h":66933.1,"l":66833.6,"c":66846.5,"v":450939.0},{"ts":"2026-02-13T10:02:00Z","o":66846.5,"h":66891.5,"l":66846.2,"c":66885.7,"v":257075.0},{"ts":"2026-02-13T10:03:00Z","o":66885.7,"h":66888.4,"l":66862.5,"c":66888.3,"v":160111.0},{"ts":"2026-02-13T10:04:00Z","o":66888.3,"h":66900.0,"l":66818.2,"c":66823.3,"v":406107.0},{"ts":"2026-02-13T10:05:00Z","o":66823.3,"h":66836.8,"l":66801.8,"c":66801.8,"v":405076.0},{"ts":"2026-02-13T10:06:00Z","o":66801.8,"h":66832.8,"l":66789.7,"c":66832.8,"v":1521486.0},{"ts":"2026-02-13T10:07:00Z","o":66832.8,"h":66880.7,"l":66818.3,"c":66818.3,"v":848047.0},{"ts":"2026-02-13T10:08:00Z","o":66818.3,"h":66830.2,"l":66799.8,"c":66805.5,"v":166758.0},{"ts":"2026-02-13T10:09:00Z","o":66805.5,"h":66830.0,"l":66795.0,"c":66800.0,"v":127855.0},{"ts":"2026-02-13T10:10:00Z","o":66800.0,"h":66841.5,"l":66800.0,"c":66816.0,"v":80957.0},{"ts":"2026-02-13T10:11:00Z","o":66816.0,"h":66872.0,"l":66815.9,"c":66871.9,"v":237558.0},{"ts":"2026-02-13T10:12:00Z","o":66871.9,"h":66879.2,"l":66850.0,"c":66865.0,"v":338369.0},{"ts":"2026-02-13T10:13:00Z","o":66865.0,"h":66870.0,"l":66821.0,"c":66823.9,"v":168787.0},{"ts":"2026-02-13T10:14:00Z","o":66823.9,"h":66875.4,"l":66813.8,"c":66873.3,"v":140526.0},{"ts":"2026-02-13T10:15:00Z","o":66873.3,"h":66914.0,"l":66860.0,"c":66914.0,"v":248275.0},{"ts":"2026-02-13T10:16:00Z","o":66914.0,"h":66934.5,"l":66891.4,"c":66934.5,"v":354690.0},{"ts":"2026-02-13T10:17:00Z","o":66934.5,"h":66934.5,"l":66895.2,"c":66928.7,"v":227037.0},{"ts":"2026-02-13T10:18:00Z","o":66928.7,"h":66991.6,"l":66927.9,"c":66989.4,"v":434754.0},{"ts":"2026-02-13T10:19:00Z","o":66989.4,"h":67064.0,"l":66966.1,"c":66970.2,"v":907209.0},{"ts":"2026-02-13T10:20:00Z","o":66970.2,"h":66970.3,"l":66882.4,"c":66899.8,"v":409983.0},{"ts":"2026-02-13T10:21:00Z","o":66899.8,"h":66899.8,"l":66857.3,"c":66875.5,"v":467725.0},{"ts":"2026-02-13T10:22:00Z","o":66875.5,"h":66877.8,"l":66847.9,"c":66847.9,"v":266173.0},{"ts":"2026-02-13T10:23:00Z","o":66847.9,"h":66849.3,"l":66793.8,"c":66797.4,"v":245224.0},{"ts":"2026-02-13T10:24:00Z","o":66797.4,"h":66802.1,"l":66765.5,"c":66797.0,"v":438835.0},{"ts":"2026-02-13T10:25:00Z","o":66797.0,"h":66828.4,"l":66788.6,"c":66828.1,"v":338075.0},{"ts":"2026-02-13T10:26:00Z","o":66828.1,"h":66849.9,"l":66821.8,"c":66844.3,"v":396742.0},{"ts":"2026-02-13T10:27:00Z","o":66844.3,"h":66854.5,"l":66836.9,"c":66844.6,"v":187076.0},{"ts":"2026-02-13T10:28:00Z","o":66844.6,"h":66871.9,"l":66841.4,"c":66843.4,"v":132386.0},{"ts":"2026-02-13T10:29:00Z","o":66843.4,"h":66888.0,"l":66843.3,"c":66882.0,"v":194973.0},{"ts":"2026-02-13T10:30:00Z","o":66882.0,"h":66914.9,"l":66872.4,"c":66882.0,"v":254839.0},{"ts":"2026-02-13T10:31:00Z","o":66882.0,"h":66900.1,"l":66822.7,"c":66840.9,"v":399187.0},{"ts":"2026-02-13T10:32:00Z","o":66840.9,"h":66850.0,"l":66810.0,"c":66826.8,"v":163690.0},{"ts":"2026-02-13T10:33:00Z","o":66826.8,"h":66910.8,"l":66824.1,"c":66908.1,"v":262199.0},{"ts":"2026-02-13T10:34:00Z","o":66908.1,"h":66988.0,"l":66908.1,"c":66940.4,"v":603146.0},{"ts":"2026-02-13T10:35:00Z","o":66940.4,"h":66967.9,"l":66931.1,"c":66965.1,"v":630306.0},{"ts":"2026-02-13T10:36:00Z","o":66965.1,"h":66965.1,"l":66914.7,"c":66952.5,"v":277217.0},{"ts":"2026-02-13T10:37:00Z","o":66952.5,"h":67006.7,"l":66946.7,"c":66992.4,"v":276743.0},{"ts":"2026-02-13T10:38:00Z","o":66992.4,"h":67016.2,"l":66972.3,"c":66972.3,"v":539717.0},{"ts":"2026-02-13T10:39:00Z","o":66972.3,"h":66985.1,"l":66916.5,"c":66917.2,"v":1043081.0},{"ts":"2026-02-13T10:40:00Z","o":66917.2,"h":66950.9,"l":66907.9,"c":66950.9,"v":290000.0},{"ts":"2026-02-13T10:41:00Z","o":66950.9,"h":67020.1,"l":66950.8,"c":67013.1,"v":395382.0},{"ts":"2026-02-13T10:42:00Z","o":67013.1,"h":67034.4,"l":66991.5,"c":67029.7,"v":421729.0},{"ts":"2026-02-13T10:43:00Z","o":67029.7,"h":67086.5,"l":67013.2,"c":67036.5,"v":770729.0},{"ts":"2026-02-13T10:44:00Z","o":67036.5,"h":67036.5,"l":66973.2,"c":66993.2,"v":445428.0},{"ts":"2026-02-13T10:45:00Z","o":66993.2,"h":67010.0,"l":66954.0,"c":66954.3,"v":454433.0},{"ts":"2026-02-13T10:46:00Z","o":66954.3,"h":67003.8,"l":66933.9,"c":66998.2,"v":338307.0},{"ts":"2026-02-13T10:47:00Z","o":66998.2,"h":67022.0,"l":66970.2,"c":67000.6,"v":197041.0},{"ts":"2026-02-13T10:48:00Z","o":67000.6,"h":67000.6,"l":66940.0,"c":66960.5,"v":302772.0},{"ts":"2026-02-13T10:49:00Z","o":66960.5,"h":67000.1,"l":66960.5,"c":66999.9,"v":160847.0},{"ts":"2026-02-13T10:50:00Z","o":66999.9,"h":66999.9,"l":66946.6,"c":66963.2,"v":216810.0},{"ts":"2026-02-13T10:51:00Z","o":66963.2,"h":67034.5,"l":66963.2,"c":67016.0,"v":303520.0},{"ts":"2026-02-13T10:52:00Z","o":67016.0,"h":67016.0,"l":66947.3,"c":66997.6,"v":177547.0},{"ts":"2026-02-13T10:53:00Z","o":66997.6,"h":67058.4,"l":66997.6,"c":67047.2,"v":346963.0},{"ts":"2026-02-13T10:54:00Z","o":67047.2,"h":67047.2,"l":67000.5,"c":67000.6,"v":173385.0},{"ts":"2026-02-13T10:55:00Z","o":67000.6,"h":67023.0,"l":66992.7,"c":66994.2,"v":159580.0},{"ts":"2026-02-13T10:56:00Z","o":66994.2,"h":67022.6,"l":66992.0,"c":66992.1,"v":89111.0}],"5m":[{"ts":"2026-02-13T01:00:00Z","o":65881.9,"h":66038.9,"l":65881.9,"c":66025.7,"v":1532085.0},{"ts":"2026-02-13T01:05:00Z","o":66025.7,"h":66250.1,"l":66002.4,"c":66159.6,"v":2099223.0},{"ts":"2026-02-13T01:10:00Z","o":66159.6,"h":66235.4,"l":66126.6,"c":66220.0,"v":1572470.0},{"ts":"2026-02-13T01:15:00Z","o":66220.0,"h":66265.0,"l":66178.2,"c":66188.3,"v":1347713.0},{"ts":"2026-02-13T01:20:00Z","o":66188.3,"h":66230.0,"l":66093.0,"c":66093.0,"v":1217917.0},{"ts":"2026-02-13T01:25:00Z","o":66093.0,"h":66240.3,"l":66052.7,"c":66189.5,"v":1520108.0},{"ts":"2026-02-13T01:30:00Z","o":66189.5,"h":66363.5,"l":66189.5,"c":66334.1,"v":1978198.0},{"ts":"2026-02-13T01:35:00Z","o":66334.1,"h":66448.3,"l":66291.1,"c":66422.0,"v":1432288.0},{"ts":"2026-02-13T01:40:00Z","o":66422.0,"h":66475.1,"l":66383.7,"c":66383.7,"v":1526147.0},{"ts":"2026-02-13T01:45:00Z","o":66383.7,"h":66587.6,"l":66383.7,"c":66522.7,"v":2790626.0},{"ts":"2026-02-13T01:50:00Z","o":66522.7,"h":66547.1,"l":66367.1,"c":66381.6,"v":1388141.0},{"ts":"2026-02-13T01:55:00Z","o":66381.6,"h":66423.5,"l":66299.5,"c":66423.5,"v":1186541.0},{"ts":"2026-02-13T02:00:00Z","o":66423.5,"h":66468.9,"l":66352.8,"c":66466.2,"v":1134900.0},{"ts":"2026-02-13T02:05:00Z","o":66466.2,"h":66506.2,"l":66392.1,"c":66506.2,"v":910092.0},{"ts":"2026-02-13T02:10:00Z","o":66506.2,"h":66540.0,"l":66453.9,"c":66531.0,"v":1481799.0},{"ts":"2026-02-13T02:15:00Z","o":66531.0,"h":66531.0,"l":66429.3,"c":66445.0,"v":661459.0},{"ts":"2026-02-13T02:20:00Z","o":66445.0,"h":66501.0,"l":66353.8,"c":66495.9,"v":674860.0},{"ts":"2026-02-13T02:25:00Z","o":66495.9,"h":66622.9,"l":66494.5,"c":66494.5,"v":1833307.0},{"ts":"2026-02-13T02:30:00Z","o":66494.5,"h":66600.0,"l":66467.2,"c":66562.1,"v":700918.0},{"ts":"2026-02-13T02:35:00Z","o":66562.1,"h":66583.7,"l":66451.1,"c":66472.3,"v":719603.0},{"ts":"2026-02-13T02:40:00Z","o":66472.3,"h":66595.4,"l":66428.5,"c":66555.1,"v":894792.0},{"ts":"2026-02-13T02:45:00Z","o":66555.1,"h":66600.0,"l":66510.8,"c":66510.8,"v":971364.0},{"ts":"2026-02-13T02:50:00Z","o":66510.8,"h":66686.8,"l":66510.8,"c":66652.0,"v":1408797.0},{"ts":"2026-02-13T02:55:00Z","o":66652.0,"h":66727.2,"l":66623.4,"c":66628.0,"v":930070.0},{"ts":"2026-02-13T03:00:00Z","o":66628.0,"h":66741.6,"l":66622.1,"c":66680.1,"v":1746487.0},{"ts":"2026-02-13T03:05:00Z","o":66680.1,"h":66680.1,"l":66464.0,"c":66523.5,"v":2045741.0},{"ts":"2026-02-13T03:10:00Z","o":66523.5,"h":66549.6,"l":66481.5,"c":66481.5,"v":498949.0},{"ts":"2026-02-13T03:15:00Z","o":66481.5,"h":66570.3,"l":66453.5,"c":66565.6,"v":1067146.0},{"ts":"2026-02-13T03:20:00Z","o":66565.6,"h":66573.9,"l":66511.4,"c":66524.6,"v":333832.0},{"ts":"2026-02-13T03:25:00Z","o":66524.6,"h":66647.0,"l":66524.6,"c":66647.0,"v":914631.0},{"ts":"2026-02-13T03:30:00Z","o":66647.0,"h":66778.0,"l":66610.1,"c":66610.1,"v":1346889.0},{"ts":"2026-02-13T03:35:00Z","o":66610.1,"h":66672.7,"l":66585.3,"c":66672.6,"v":949785.0},{"ts":"2026-02-13T03:40:00Z","o":66672.6,"h":66698.4,"l":66608.4,"c":66608.4,"v":592588.0},{"ts":"2026-02-13T03:45:00Z","o":66608.4,"h":66641.5,"l":66489.0,"c":66504.0,"v":1205594.0},{"ts":"2026-02-13T03:50:00Z","o":66504.0,"h":66537.7,"l":66422.9,"c":66537.4,"v":1346260.0},{"ts":"2026-02-13T03:55:00Z","o":66537.4,"h":66537.4,"l":66430.0,"c":66519.6,"v":785567.0},{"ts":"2026-02-13T04:00:00Z","o":66519.6,"h":66562.0,"l":66443.2,"c":66447.1,"v":1236871.0},{"ts":"2026-02-13T04:05:00Z","o":66447.1,"h":66496.0,"l":66399.2,"c":66484.2,"v":1289438.0},{"ts":"2026-02-13T04:10:00Z","o":66484.2,"h":66508.4,"l":66409.2,"c":66504.9,"v":461326.0},{"ts":"2026-02-13T04:15:00Z","o":66504.9,"h":66643.9,"l":66465.1,"c":66610.1,"v":1199151.0},{"ts":"2026-02-13T04:20:00Z","o":66610.1,"h":66612.8,"l":66420.0,"c":66474.9,"v":1707625.0},{"ts":"2026-02-13T04:25:00Z","o":66474.9,"h":66491.4,"l":66418.6,"c":66418.6,"v":826827.0},{"ts":"2026-02-13T04:30:00Z","o":66418.6,"h":66424.7,"l":66350.0,"c":66391.0,"v":1384075.0},{"ts":"2026-02-13T04:35:00Z","o":66391.0,"h":66444.1,"l":66375.7,"c":66405.0,"v":588031.0},{"ts":"2026-02-13T04:40:00Z","o":66405.0,"h":66407.6,"l":66311.0,"c":66334.6,"v":950333.0},{"ts":"2026-02-13T04:45:00Z","o":66334.6,"h":66343.9,"l":66273.4,"c":66307.2,"v":1122943.0},{"ts":"2026-02-13T04:50:00Z","o":66307.2,"h":66387.6,"l":66307.1,"c":66386.0,"v":808636.0},{"ts":"2026-02-13T04:55:00Z","o":66386.0,"h":66413.8,"l":66280.1,"c":66300.0,"v":973948.0},{"ts":"2026-02-13T05:00:00Z","o":66300.0,"h":66424.5,"l":66291.2,"c":66376.0,"v":997776.0},{"ts":"2026-02-13T05:05:00Z","o":66376.0,"h":66407.4,"l":66190.5,"c":66250.0,"v":1419276.0},{"ts":"2026-02-13T05:10:00Z","o":66250.0,"h":66300.0,"l":66211.1,"c":66211.1,"v":910870.0},{"ts":"2026-02-13T05:15:00Z","o":66211.1,"h":66305.0,"l":66194.4,"c":66304.9,"v":721549.0},{"ts":"2026-02-13T05:20:00Z","o":66304.9,"h":66374.7,"l":66267.2,"c":66267.2,"v":531743.0},{"ts":"2026-02-13T05:25:00Z","o":66267.2,"h":66337.2,"l":66223.6,"c":66292.1,"v":510854.0},{"ts":"2026-02-13T05:30:00Z","o":66292.1,"h":66388.1,"l":66278.0,"c":66368.0,"v":790827.0},{"ts":"2026-02-13T05:35:00Z","o":66368.0,"h":66438.8,"l":66336.6,"c":66388.8,"v":1220843.0},{"ts":"2026-02-13T05:40:00Z","o":66388.8,"h":66444.0,"l":66318.4,"c":66438.0,"v":1026293.0},{"ts":"2026-02-13T05:45:00Z","o":66438.0,"h":66474.4,"l":66399.5,"c":66455.6,"v":807037.0},{"ts":"2026-02-13T05:50:00Z","o":66455.6,"h":66455.6,"l":66336.9,"c":66346.7,"v":543178.0},{"ts":"2026-02-13T05:55:00Z","o":66346.7,"h":66346.7,"l":66151.1,"c":66151.3,"v":1623255.0},{"ts":"2026-02-13T06:00:00Z","o":66151.3,"h":66245.7,"l":66135.1,"c":66204.3,"v":1355361.0},{"ts":"2026-02-13T06:05:00Z","o":66204.3,"h":66259.5,"l":66184.4,"c":66222.2,"v":536208.0},{"ts":"2026-02-13T06:10:00Z","o":66222.2,"h":66279.9,"l":66202.0,"c":66202.7,"v":552345.0},{"ts":"2026-02-13T06:15:00Z","o":66202.7,"h":66268.0,"l":66173.2,"c":66173.2,"v":821021.0},{"ts":"2026-02-13T06:20:00Z","o":66173.2,"h":66227.0,"l":66010.0,"c":66071.5,"v":1747988.0},{"ts":"2026-02-13T06:25:00Z","o":66071.5,"h":66095.7,"l":66018.5,"c":66093.5,"v":1061446.0},{"ts":"2026-02-13T06:30:00Z","o":66093.5,"h":66093.5,"l":65973.7,"c":66045.4,"v":1319991.0},{"ts":"2026-02-13T06:35:00Z","o":66045.4,"h":66095.5,"l":66012.0,"c":66017.6,"v":700281.0},{"ts":"2026-02-13T06:40:00Z","o":66017.6,"h":66084.9,"l":66017.6,"c":66059.3,"v":722952.0},{"ts":"2026-02-13T06:45:00Z","o":66059.3,"h":66105.5,"l":66020.2,"c":66050.0,"v":1292008.0},{"ts":"2026-02-13T06:50:00Z","o":66050.0,"h":66200.8,"l":66050.0,"c":66191.0,"v":1507139.0},{"ts":"2026-02-13T06:55:00Z","o":66191.0,"h":66367.5,"l":66172.7,"c":66330.4,"v":1649428.0},{"ts":"2026-02-13T07:00:00Z","o":66330.4,"h":66450.0,"l":66304.4,"c":66426.2,"v":1232009.0},{"ts":"2026-02-13T07:05:00Z","o":66426.2,"h":66445.0,"l":66338.0,"c":66350.0,"v":1129413.0},{"ts":"2026-02-13T07:10:00Z","o":66350.0,"h":66543.2,"l":66350.0,"c":66497.5,"v":2007148.0},{"ts":"2026-02-13T07:15:00Z","o":66497.5,"h":66540.1,"l":66409.7,"c":66429.9,"v":1106350.0},{"ts":"2026-02-13T07:20:00Z","o":66429.9,"h":66470.0,"l":66385.8,"c":66469.3,"v":1179858.0},{"ts":"2026-02-13T07:25:00Z","o":66469.3,"h":66491.1,"l":66399.3,"c":66490.0,"v":825488.0},{"ts":"2026-02-13T07:30:00Z","o":66490.0,"h":66490.0,"l":66288.6,"c":66320.9,"v":1313990.0},{"ts":"2026-02-13T07:35:00Z","o":66320.9,"h":66337.9,"l":66149.8,"c":66200.3,"v":1847429.0},{"ts":"2026-02-13T07:40:00Z","o":66200.3,"h":66200.3,"l":66093.8,"c":66094.0,"v":1685936.0},{"ts":"2026-02-13T07:45:00Z","o":66094.0,"h":66137.9,"l":66040.9,"c":66118.3,"v":1584807.0},{"ts":"2026-02-13T07:50:00Z","o":66118.3,"h":66278.8,"l":66018.0,"c":66278.8,"v":1678001.0},{"ts":"2026-02-13T07:55:00Z","o":66278.8,"h":66300.0,"l":66132.0,"c":66183.2,"v":1942851.0},{"ts":"2026-02-13T08:00:00Z","o":66183.2,"h":66336.6,"l":66159.9,"c":66312.0,"v":1684090.0},{"ts":"2026-02-13T08:05:00Z","o":66312.0,"h":66459.6,"l":66252.8,"c":66258.1,"v":1895186.0},{"ts":"2026-02-13T08:10:00Z","o":66258.1,"h":66328.0,"l":66230.9,"c":66232.1,"v":625622.0},{"ts":"2026-02-13T08:15:00Z","o":66232.1,"h":66305.9,"l":66185.8,"c":66298.3,"v":1008404.0},{"ts":"2026-02-13T08:20:00Z","o":66298.3,"h":66391.7,"l":66241.8,"c":66263.6,"v":1422348.0},{"ts":"2026-02-13T08:25:00Z","o":66263.6,"h":66412.5,"l":66263.6,"c":66382.8,"v":1020078.0},{"ts":"2026-02-13T08:30:00Z","o":66382.8,"h":66440.2,"l":66341.4,"c":66430.1,"v":993700.0},{"ts":"2026-02-13T08:35:00Z","o":66430.1,"h":66511.1,"l":66390.6,"c":66397.3,"v":1658651.0},{"ts":"2026-02-13T08:40:00Z","o":66397.3,"h":66477.0,"l":66369.1,"c":66477.0,"v":1191232.0},{"ts":"2026-02-13T08:45:00Z","o":66477.0,"h":66723.0,"l":66476.9,"c":66631.9,"v":3334252.0},{"ts":"2026-02-13T08:50:00Z","o":66631.9,"h":66676.9,"l":66575.8,"c":66652.5,"v":1970208.0},{"ts":"2026-02-13T08:55:00Z","o":66652.5,"h":66676.1,"l":66555.2,"c":66674.8,"v":1189895.0},{"ts":"2026-02-13T09:00:00Z","o":66674.8,"h":66697.5,"l":66580.0,"c":66631.0,"v":1600463.0},{"ts":"2026-02-13T09:05:00Z","o":66631.0,"h":66767.4,"l":66599.7,"c":66748.9,"v":1962415.0},{"ts":"2026-02-13T09:10:00Z","o":66748.9,"h":66830.9,"l":66621.0,"c":66653.5,"v":2942979.0},{"ts":"2026-02-13T09:15:00Z","o":66653.5,"h":66760.0,"l":66606.0,"c":66695.3,"v":1852419.0},{"ts":"2026-02-13T09:20:00Z","o":66695.3,"h":66809.8,"l":66645.6,"c":66761.5,"v":1545117.0},{"ts":"2026-02-13T09:25:00Z","o":66761.5,"h":66790.2,"l":66687.1,"c":66790.1,"v":921996.0},{"ts":"2026-02-13T09:30:00Z","o":66790.1,"h":66875.7,"l":66743.2,"c":66873.1,"v":2122073.0},{"ts":"2026-02-13T09:35:00Z","o":66873.1,"h":66911.2,"l":66789.9,"c":66820.5,"v":1938239.0},{"ts":"2026-02-13T09:40:00Z","o":66820.5,"h":66875.1,"l":66772.3,"c":66822.6,"v":1143305.0},{"ts":"2026-02-13T09:45:00Z","o":66822.6,"h":67041.7,"l":66821.2,"c":66974.1,"v":3245343.0},{"ts":"2026-02-13T09:50:00Z","o":66974.1,"h":66998.1,"l":66907.9,"c":66928.2,"v":1487697.0},{"ts":"2026-02-13T09:55:00Z","o":66928.2,"h":66957.1,"l":66891.1,"c":66924.3,"v":952621.0},{"ts":"2026-02-13T10:00:00Z","o":66924.3,"h":66936.0,"l":66818.2,"c":66823.3,"v":1423403.0},{"ts":"2026-02-13T10:05:00Z","o":66823.3,"h":66880.7,"l":66789.7,"c":66800.0,"v":3069222.0},{"ts":"2026-02-13T10:10:00Z","o":66800.0,"h":66879.2,"l":66800.0,"c":66873.3,"v":966197.0},{"ts":"2026-02-13T10:15:00Z","o":66873.3,"h":67064.0,"l":66860.0,"c":66970.2,"v":2171965.0},{"ts":"2026-02-13T10:20:00Z","o":66970.2,"h":66970.3,"l":66765.5,"c":66797.0,"v":1827940.0},{"ts":"2026-02-13T10:25:00Z","o":66797.0,"h":66888.0,"l":66788.6,"c":66882.0,"v":1249252.0},{"ts":"2026-02-13T10:30:00Z","o":66882.0,"h":66988.0,"l":66810.0,"c":66940.4,"v":1683061.0},{"ts":"2026-02-13T10:35:00Z","o":66940.4,"h":67016.2,"l":66914.7,"c":66917.2,"v":2767064.0},{"ts":"2026-02-13T10:40:00Z","o":66917.2,"h":67086.5,"l":66907.9,"c":66993.2,"v":2323268.0},{"ts":"2026-02-13T10:45:00Z","o":66993.2,"h":67022.0,"l":66933.9,"c":66999.9,"v":1453400.0},{"ts":"2026-02-13T10:50:00Z","o":66999.9,"h":67058.4,"l":66946.6,"c":67000.6,"v":1218225.0},{"ts":"2026-02-13T10:55:00Z","o":67000.6,"h":67023.0,"l":66992.0,"c":66992.0,"v":248730.0}],"15m":[{"ts":"2026-02-12T15:00:00Z","o":67546.6,"h":67782.5,"l":66968.2,"c":67382.1,"v":23943306.0},{"ts":"2026-02-12T15:15:00Z","o":67382.1,"h":67927.1,"l":67319.6,"c":67821.6,"v":15664403.0},{"ts":"2026-02-12T15:30:00Z","o":67821.6,"h":67971.2,"l":67214.5,"c":67371.8,"v":13303656.0},{"ts":"2026-02-12T15:45:00Z","o":67371.8,"h":67513.3,"l":67033.6,"c":67103.5,"v":9808421.0},{"ts":"2026-02-12T16:00:00Z","o":67103.5,"h":67211.1,"l":66460.7,"c":66522.8,"v":22162766.0},{"ts":"2026-02-12T16:15:00Z","o":66522.8,"h":66762.3,"l":65960.0,"c":66034.3,"v":16574421.0},{"ts":"2026-02-12T16:30:00Z","o":66034.3,"h":66510.4,"l":65907.4,"c":66243.1,"v":16674528.0},{"ts":"2026-02-12T16:45:00Z","o":66243.1,"h":66338.0,"l":65522.2,"c":65826.2,"v":16919903.0},{"ts":"2026-02-12T17:00:00Z","o":65826.2,"h":65970.5,"l":65530.0,"c":65710.7,"v":9514249.0},{"ts":"2026-02-12T17:15:00Z","o":65710.7,"h":66234.5,"l":65583.0,"c":66096.7,"v":9253238.0},{"ts":"2026-02-12T17:30:00Z","o":66096.7,"h":66177.1,"l":65806.3,"c":65951.2,"v":6374109.0},{"ts":"2026-02-12T17:45:00Z","o":65951.2,"h":66022.6,"l":65331.7,"c":65380.3,"v":12162894.0},{"ts":"2026-02-12T18:00:00Z","o":65380.3,"h":65763.0,"l":65344.2,"c":65664.8,"v":7478085.0},{"ts":"2026-02-12T18:15:00Z","o":65664.8,"h":65691.3,"l":65199.0,"c":65273.2,"v":11128511.0},{"ts":"2026-02-12T18:30:00Z","o":65273.2,"h":65507.6,"l":65081.1,"c":65404.8,"v":8801303.0},{"ts":"2026-02-12T18:45:00Z","o":65404.8,"h":65671.0,"l":65377.7,"c":65559.4,"v":6347793.0},{"ts":"2026-02-12T19:00:00Z","o":65559.4,"h":65720.0,"l":65235.5,"c":65416.8,"v":6533720.0},{"ts":"2026-02-12T19:15:00Z","o":65416.8,"h":65932.7,"l":65382.6,"c":65745.1,"v":7706996.0},{"ts":"2026-02-12T19:30:00Z","o":65745.1,"h":66076.1,"l":65728.4,"c":65948.6,"v":7301165.0},{"ts":"2026-02-12T19:45:00Z","o":65948.6,"h":66088.0,"l":65743.4,"c":65760.8,"v":5417969.0},{"ts":"2026-02-12T20:00:00Z","o":65760.8,"h":66008.7,"l":65576.2,"c":65677.7,"v":7027791.0},{"ts":"2026-02-12T20:15:00Z","o":65677.7,"h":65782.6,"l":65451.5,"c":65477.0,"v":4261713.0},{"ts":"2026-02-12T20:30:00Z","o":65477.0,"h":65655.9,"l":65370.0,"c":65517.6,"v":5123423.0},{"ts":"2026-02-12T20:45:00Z","o":65517.6,"h":65563.7,"l":65184.4,"c":65395.2,"v":8069038.0},{"ts":"2026-02-12T21:00:00Z","o":65395.2,"h":65643.3,"l":65395.2,"c":65640.2,"v":5258266.0},{"ts":"2026-02-12T21:15:00Z","o":65640.2,"h":65770.0,"l":65445.0,"c":65575.7,"v":5823486.0},{"ts":"2026-02-12T21:30:00Z","o":65575.7,"h":65819.5,"l":65550.1,"c":65788.5,"v":4866212.0},{"ts":"2026-02-12T21:45:00Z","o":65788.5,"h":65873.3,"l":65706.4,"c":65816.8,"v":2810797.0},{"ts":"2026-02-12T22:00:00Z","o":65816.8,"h":65861.6,"l":65715.0,"c":65788.9,"v":3423072.0},{"ts":"2026-02-12T22:15:00Z","o":65788.9,"h":65927.3,"l":65615.0,"c":65927.3,"v":4459347.0},{"ts":"2026-02-12T22:30:00Z","o":65927.3,"h":66176.9,"l":65850.8,"c":66168.1,"v":5300581.0},{"ts":"2026-02-12T22:45:00Z","o":66168.1,"h":66380.0,"l":66160.0,"c":66262.3,"v":6674619.0},{"ts":"2026-02-12T23:00:00Z","o":66262.3,"h":66444.0,"l":66173.2,"c":66286.0,"v":5893589.0},{"ts":"2026-02-12T23:15:00Z","o":66286.0,"h":66458.1,"l":66228.2,"c":66366.4,"v":3006050.0},{"ts":"2026-02-12T23:30:00Z","o":66366.4,"h":66456.1,"l":66175.3,"c":66219.9,"v":3842626.0},{"ts":"2026-02-12T23:45:00Z","o":66219.9,"h":66280.2,"l":66135.8,"c":66243.1,"v":3096513.0},{"ts":"2026-02-13T00:00:00Z","o":66243.1,"h":66498.4,"l":66137.9,"c":66341.3,"v":5761410.0},{"ts":"2026-02-13T00:15:00Z","o":66341.3,"h":66347.8,"l":65976.0,"c":66001.8,"v":5952390.0},{"ts":"2026-02-13T00:30:00Z","o":66001.8,"h":66111.5,"l":65870.7,"c":65924.6,"v":7882903.0},{"ts":"2026-02-13T00:45:00Z","o":65924.6,"h":66038.1,"l":65833.9,"c":65881.9,"v":7017403.0},{"ts":"2026-02-13T01:00:00Z","o":65881.9,"h":66250.1,"l":65881.9,"c":66220.0,"v":5203778.0},{"ts":"2026-02-13T01:15:00Z","o":66220.0,"h":66265.0,"l":66052.7,"c":66189.5,"v":4085738.0},{"ts":"2026-02-13T01:30:00Z","o":66189.5,"h":66475.1,"l":66189.5,"c":66383.7,"v":4936633.0},{"ts":"2026-02-13T01:45:00Z","o":66383.7,"h":66587.6,"l":66299.5,"c":66423.5,"v":5365308.0},{"ts":"2026-02-13T02:00:00Z","o":66423.5,"h":66540.0,"l":66352.8,"c":66531.0,"v":3526791.0},{"ts":"2026-02-13T02:15:00Z","o":66531.0,"h":66622.9,"l":66353.8,"c":66494.5,"v":3169626.0},{"ts":"2026-02-13T02:30:00Z","o":66494.5,"h":66600.0,"l":66428.5,"c":66555.1,"v":2315313.0},{"ts":"2026-02-13T02:45:00Z","o":66555.1,"h":66727.2,"l":66510.8,"c":66628.0,"v":3310231.0},{"ts":"2026-02-13T03:00:00Z","o":66628.0,"h":66741.6,"l":66464.0,"c":66481.5,"v":4291177.0},{"ts":"2026-02-13T03:15:00Z","o":66481.5,"h":66647.0,"l":66453.5,"c":66647.0,"v":2315609.0},{"ts":"2026-02-13T03:30:00Z","o":66647.0,"h":66778.0,"l":66585.3,"c":66608.4,"v":2889262.0},{"ts":"2026-02-13T03:45:00Z","o":66608.4,"h":66641.5,"l":66422.9,"c":66519.6,"v":3337421.0},{"ts":"2026-02-13T04:00:00Z","o":66519.6,"h":66562.0,"l":66399.2,"c":66504.9,"v":2987635.0},{"ts":"2026-02-13T04:15:00Z","o":66504.9,"h":66643.9,"l":66418.6,"c":66418.6,"v":3733603.0},{"ts":"2026-02-13T04:30:00Z","o":66418.6,"h":66444.1,"l":66311.0,"c":66334.6,"v":2922439.0},{"ts":"2026-02-13T04:45:00Z","o":66334.6,"h":66413.8,"l":66273.4,"c":66300.0,"v":2905527.0},{"ts":"2026-02-13T05:00:00Z","o":66300.0,"h":66424.5,"l":66190.5,"c":66211.1,"v":3327922.0},{"ts":"2026-02-13T05:15:00Z","o":66211.1,"h":66374.7,"l":66194.4,"c":66292.1,"v":1764146.0},{"ts":"2026-02-13T05:30:00Z","o":66292.1,"h":66444.0,"l":66278.0,"c":66438.0,"v":3037963.0},{"ts":"2026-02-13T05:45:00Z","o":66438.0,"h":66474.4,"l":66151.1,"c":66151.3,"v":2973470.0},{"ts":"2026-02-13T06:00:00Z","o":66151.3,"h":66279.9,"l":66135.1,"c":66202.7,"v":2443914.0},{"ts":"2026-02-13T06:15:00Z","o":66202.7,"h":66268.0,"l":66010.0,"c":66093.5,"v":3630455.0},{"ts":"2026-02-13T06:30:00Z","o":66093.5,"h":66095.5,"l":65973.7,"c":66059.3,"v":2743224.0},{"ts":"2026-02-13T06:45:00Z","o":66059.3,"h":66367.5,"l":66020.2,"c":66330.4,"v":4448575.0},{"ts":"2026-02-13T07:00:00Z","o":66330.4,"h":66543.2,"l":66304.4,"c":66497.5,"v":4368570.0},{"ts":"2026-02-13T07:15:00Z","o":66497.5,"h":66540.1,"l":66385.8,"c":66490.0,"v":3111696.0},{"ts":"2026-02-13T07:30:00Z","o":66490.0,"h":66490.0,"l":66093.8,"c":66094.0,"v":4847355.0},{"ts":"2026-02-13T07:45:00Z","o":66094.0,"h":66300.0,"l":66018.0,"c":66183.2,"v":5205659.0},{"ts":"2026-02-13T08:00:00Z","o":66183.2,"h":66459.6,"l":66159.9,"c":66232.1,"v":4204898.0},{"ts":"2026-02-13T08:15:00Z","o":66232.1,"h":66412.5,"l":66185.8,"c":66382.8,"v":3450830.0},{"ts":"2026-02-13T08:30:00Z","o":66382.8,"h":66511.1,"l":66341.4,"c":66477.0,"v":3843583.0},{"ts":"2026-02-13T08:45:00Z","o":66477.0,"h":66723.0,"l":66476.9,"c":66674.8,"v":6494355.0},{"ts":"2026-02-13T09:00:00Z","o":66674.8,"h":66830.9,"l":66580.0,"c":66653.5,"v":6505857.0},{"ts":"2026-02-13T09:15:00Z","o":66653.5,"h":66809.8,"l":66606.0,"c":66790.1,"v":4319532.0},{"ts":"2026-02-13T09:30:00Z","o":66790.1,"h":66911.2,"l":66743.2,"c":66822.6,"v":5203617.0},{"ts":"2026-02-13T09:45:00Z","o":66822.6,"h":67041.7,"l":66821.2,"c":66924.3,"v":5685661.0},{"ts":"2026-02-13T10:00:00Z","o":66924.3,"h":66936.0,"l":66789.7,"c":66873.3,"v":5458822.0},{"ts":"2026-02-13T10:15:00Z","o":66873.3,"h":67064.0,"l":66765.5,"c":66882.0,"v":5249157.0},{"ts":"2026-02-13T10:30:00Z","o":66882.0,"h":67086.5,"l":66810.0,"c":66993.2,"v":6773393.0},{"ts":"2026-02-13T10:45:00Z","o":66993.2,"h":67058.4,"l":66933.9,"c":66992.1,"v":2920558.0}]},"features":{"P_used":67001.7,"orderbook":{"topN":20,"bandPct":0.0015,"bidSumTopN":183555.0,"askSumTopN":182013.0,"bidAskRatioTopN":1.0084719223352179,"bestBid":66992.1,"bestAsk":66992.5,"spread":0.39999999999417923,"spreadBps":0.05969997776088954,"nearBand":{"bidCount":20,"askCount":20,"topBidWall":{"price":66991.1,"size":103255.0},"topAskWall":{"price":66992.9,"size":102796.0}}},"orderbookHistory":{"available":true,"bidWall":{"samples":28,"persistRate":0.48148148148148145,"churnRate":0.5185185185185185,"sizeCv":0.2752168520873718},"askWall":{"samples":28,"persistRate":0.5925925925925926,"churnRate":0.4074074074074074,"sizeCv":0.23296350573648056}},"trades":{"available":true,"buyVol":15268.0,"sellVol":6092.0,"buyCnt":20,"sellCnt":20,"buyVolRatio":0.7147940074906367,"sellVolRatio":0.2852059925093633,"maxTrade":{"price":66992.3,"vol":4228.0,"T":1}},"openInterest":{"available":true,"windowSamples":26,"oiStart":540937228.0,"oiEnd":541645862.0,"oiChange":708634.0,"oiChangePct":0.13100115194881726,"pxStart":66992.1,"pxEnd":66986.9,"pxChangePct":-0.0077621092636469685,"leverageChaseFlag":false},"context":{"available":true,"range15m":{"hi":67086.5,"lo":65973.7,"pos01":0.9151689432063318,"lastClose":66992.1,"meanClose":66532.42000000001},"range5m":{"hi":67086.5,"lo":65973.7,"pos01":0.9150790797987062,"lastClose":66992.0,"meanClose":66519.03666666667}}}}