{"meta":{"exchange":"MEXC","market":"FUTURES","symbol":"BTC_USDT","generated_at":"2026-02-13T12:18:46Z"},"marketInfo":{"priceUnit":0.1,"volUnit":1,"minVol":1,"contractSize":0.0001,"priceScale":1,"volScale":0,"maxLeverage":500},"price":{"ticker":{"contractId":10,"symbol":"BTC_USDT","lastPrice":66979.7,"bid1":66979.7,"ask1":66979.8,"volume24":247024459,"amount24":1644372217.50036,"holdVol":553397913,"lower24Price":65081.1,"high24Price":68381.5,"riseFallRate":-0.0018,"riseFallValue":-123.8,"indexPrice":67015.63,"fairPrice":66979.8,"fundingRate":1.1e-05,"maxBidPrice":73717.1,"minAskPrice":60314,"timestamp":1770985123801,"riseFallRates":{"zone":"UTC+8","r":-0.0018,"v":-123.8,"r7":-0.007,"r30":-0.2828,"r90":-0.3077,"r180":-0.4305,"r365":-0.3005},"riseFallRatesOfTimezone":[-0.0155,0.0111,-0.0018]},"funding":{"symbol":"BTC_USDT","fundingRate":1.1e-05,"maxFundingRate":0.0018,"minFundingRate":-0.0018,"collectCycle":8,"nextSettleTime":1770998400000,"timestamp":1770985127012},"index":{"symbol":"BTC_USDT","indexPrice":67015.93,"timestamp":1770985126928},"fair":{"symbol":"BTC_USDT","fairPrice":66979.8,"timestamp":1770985127624}},"metrics":{"openInterestNow":553397913,"oiHistory":[{"t":1770985130298,"lastPrice":66979.8,"bid1":66979.7,"ask1":66979.8,"holdVol":553376131,"fundingRate":1.1e-05,"indexPrice":67015.77,"fairPrice":66979.8},{"t":1770985132673,"lastPrice":66979.9,"bid1":66979.9,"ask1":66980,"holdVol":553374998,"fundingRate":1.1e-05,"indexPrice":67016.16,"fairPrice":66979.9},{"t":1770985135038,"lastPrice":66984.6,"bid1":66984.6,"ask1":66984.7,"holdVol":553394553,"fundingRate":1.1e-05,"indexPrice":67019.34,"fairPrice":66984.7},{"t":1770985137438,"lastPrice":66984.6,"bid1":66984.6,"ask1":66984.7,"holdVol":553379433,"fundingRate":1.1e-05,"indexPrice":67019.48,"fairPrice":66984.7},{"t":1770985140013,"lastPrice":66979.1,"bid1":66979,"ask1":66979.1,"holdVol":553335024,"fundingRate":1.1e-05,"indexPrice":67018.05,"fairPrice":66984.7},{"t":1770985142398,"lastPrice":66984,"bid1":66985.4,"ask1":66985.5,"holdVol":553372617,"fundingRate":1.1e-05,"indexPrice":67018.54,"fairPrice":66983.5},{"t":1770985144768,"lastPrice":66990,"bid1":66990.1,"ask1":66990.2,"holdVol":553414752,"fundingRate":1e-05,"indexPrice":67027.46,"fairPrice":66991.1},{"t":1770985147327,"lastPrice":66990.2,"bid1":66990.1,"ask1":66990.2,"holdVol":553416585,"fundingRate":1e-05,"indexPrice":67027.88,"fairPrice":66991.5},{"t":1770985149892,"lastPrice":66990.2,"bid1":66990.1,"ask1":66990.2,"holdVol":553392220,"fundingRate":1e-05,"indexPrice":67027.89,"fairPrice":66991.5},{"t":1770985152426,"lastPrice":66992.5,"bid1":66992.5,"ask1":66993.3,"holdVol":553476211,"fundingRate":1e-05,"indexPrice":67027.89,"fairPrice":66993.3},{"t":1770985154793,"lastPrice":66993.1,"bid1":66993,"ask1":66993.1,"holdVol":553475683,"fundingRate":1e-05,"indexPrice":67028.05,"fairPrice":66993.1},{"t":1770985157371,"lastPrice":66993.1,"bid1":66993,"ask1":66993.1,"holdVol":553462339,"fundingRate":1e-05,"indexPrice":67029,"fairPrice":66993},{"t":1770985159767,"lastPrice":67006.7,"bid1":67006.7,"ask1":67006.8,"holdVol":553386288,"fundingRate":1e-05,"indexPrice":67040.67,"fairPrice":67006.7},{"t":1770985162139,"lastPrice":67006.7,"bid1":67006.7,"ask1":67006.8,"holdVol":553386288,"fundingRate":1e-05,"indexPrice":67040.67,"fairPrice":67006.7},{"t":1770985164506,"lastPrice":67000.1,"bid1":67000.1,"ask1":67000.2,"holdVol":553388928,"fundingRate":1e-05,"indexPrice":67038.15,"fairPrice":67001.9},{"t":1770985166876,"lastPrice":67003.9,"bid1":67003.8,"ask1":67003.9,"holdVol":553382870,"fundingRate":1e-05,"indexPrice":67037.61,"fairPrice":67001.3},{"t":1770985169258,"lastPrice":67000.2,"bid1":67000.2,"ask1":67000.3,"holdVol":553297267,"fundingRate":1e-05,"indexPrice":67032.68,"fairPrice":67000.3},{"t":1770985171620,"lastPrice":66985,"bid1":66985,"ask1":66985.1,"holdVol":553228560,"fundingRate":1e-05,"indexPrice":67031.61,"fairPrice":66995.5},{"t":1770985173993,"lastPrice":66985,"bid1":66985,"ask1":66985.1,"holdVol":553228560,"fundingRate":1e-05,"indexPrice":67031.61,"fairPrice":66995.5},{"t":1770985176371,"lastPrice":66985,"bid1":66985,"ask1":66985.1,"holdVol":553234502,"fundingRate":1e-05,"indexPrice":67021.77,"fairPrice":66985.6},{"t":1770985178728,"lastPrice":66984.9,"bid1":66984.9,"ask1":66985,"holdVol":553216156,"fundingRate":1e-05,"indexPrice":67021.44,"fairPrice":66985.3},{"t":1770985181101,"lastPrice":66972.6,"bid1":66972.6,"ask1":66972.7,"holdVol":553289702,"fundingRate":1e-05,"indexPrice":67014.57,"fairPrice":66978.4},{"t":1770985183469,"lastPrice":66987.7,"bid1":66987.7,"ask1":66987.8,"holdVol":553328572,"fundingRate":1e-05,"indexPrice":67021.03,"fairPrice":66987.7},{"t":1770985185823,"lastPrice":66987.8,"bid1":66987.7,"ask1":66987.8,"holdVol":553328630,"fundingRate":1e-05,"indexPrice":67024.32,"fairPrice":66988.1},{"t":1770985188186,"lastPrice":66973.3,"bid1":66973.3,"ask1":66973.4,"holdVol":553327785,"fundingRate":1e-05,"indexPrice":67016.67,"fairPrice":66980.5}],"fundingRateNow":1.1e-05,"fundingRateHistory":{"pageSize":24,"totalCount":1620,"totalPage":68,"currentPage":1,"resultList":[{"symbol":"BTC_USDT","fundingRate":6e-06,"settleTime":1770969600000,"collectCycle":8},{"symbol":"BTC_USDT","fundingRate":5.8e-05,"settleTime":1770940800000,"collectCycle":8},{"symbol":"BTC_USDT","fundingRate":-1.7e-05,"settleTime":1770912000000,"collectCycle":8},{"symbol":"BTC_USDT","fundingRate":3.3e-05,"settleTime":1770883200000,"collectCycle":8},{"symbol":"BTC_USDT","fundingRate":-1.3e-05,"settleTime":1770854400000,"collectCycle":8},{"symbol":"BTC_USDT","fundingRate":-1.2e-05,"settleTime":1770825600000,"collectCycle":8},{"symbol":"BTC_USDT","fundingRate":-8.3e-05,"settleTime":1770796800000,"collectCycle":8},{"symbol":"BTC_USDT","fundingRate":1.3e-05,"settleTime":1770768000000,"collectCycle":8},{"symbol":"BTC_USDT","fundingRate":-8.8e-05,"settleTime":1770739200000,"collectCycle":8},{"symbol":"BTC_USDT","fundingRate":-4.7e-05,"settleTime":1770710400000,"collectCycle":8},{"symbol":"BTC_USDT","fundingRate":-9e-05,"settleTime":1770681600000,"collectCycle":8},{"symbol":"BTC_USDT","fundingRate":-4.2e-05,"settleTime":1770652800000,"collectCycle":8},{"symbol":"BTC_USDT","fundingRate":1.7e-05,"settleTime":1770624000000,"collectCycle":8},{"symbol":"BTC_USDT","fundingRate":-2.9e-05,"settleTime":1770595200000,"collectCycle":8},{"symbol":"BTC_USDT","fundingRate":-4.9e-05,"settleTime":1770566400000,"collectCycle":8},{"symbol":"BTC_USDT","fundingRate":-3.5e-05,"settleTime":1770537600000,"collectCycle":8},{"symbol":"BTC_USDT","fundingRate":-3.4e-05,"settleTime":1770508800000,"collectCycle":8},{"symbol":"BTC_USDT","fundingRate":-3e-05,"settleTime":1770480000000,"collectCycle":8},{"symbol":"BTC_USDT","fundingRate":-8.2e-05,"settleTime":1770451200000,"collectCycle":8},{"symbol":"BTC_USDT","fundingRate":-0.000152,"settleTime":1770422400000,"collectCycle":8},{"symbol":"BTC_USDT","fundingRate":-0.000133,"settleTime":1770393600000,"collectCycle":8},{"symbol":"BTC_USDT","fundingRate":-0.000136,"settleTime":1770364800000,"collectCycle":8},{"symbol":"BTC_USDT","fundingRate":-1.3e-05,"settleTime":1770336000000,"collectCycle":8},{"symbol":"BTC_USDT","fundingRate":-4.9e-05,"settleTime":1770307200000,"collectCycle":8}]}},"orderbook":{"asks":[[66979.8,16279,2],[66979.9,4310,1],[66980,3701,3],[66980.1,3989,1],[66980.2,3645,1],[66980.3,3461,1],[66980.4,3797,1],[66980.5,4090,1],[66980.6,103495,2],[66980.7,4601,1],[66980.8,4496,1],[66980.9,3900,1],[66981,4575,1],[66981.1,4112,1],[66981.2,3629,1],[66981.3,4424,1],[66981.4,3628,1],[66981.5,3497,1],[66981.6,3710,1],[66981.7,3837,1]],"bids":[[66979.7,9042,1],[66979.6,4310,1],[66979.5,3683,1],[66979.4,3989,1],[66979.3,3645,1],[66979.2,3461,1],[66979.1,3797,1],[66979,4090,1],[66978.9,4155,1],[66978.8,103941,2],[66978.7,4496,1],[66978.6,3900,1],[66978.5,4575,1],[66978.4,4112,1],[66978.3,3629,1],[66978.2,4424,1],[66978.1,3628,1],[66978,3497,1],[66977.9,5050,2],[66977.8,3837,1]],"version":32448379335,"timestamp":1770985127574},"orderbookHistory":{"depthCommits":[{"asks":[],"bids":[[66977.9,16,1]],"version":32448379790},{"asks":[],"bids":[[66979.8,19235,5]],"version":32448379789},{"asks":[[67031.6,9908,1]],"bids":[],"version":32448379788},{"asks":[],"bids":[[66979.9,19624,4]],"version":32448379787},{"asks":[[67074.9,7072,1]],"bids":[],"version":32448379786},{"asks":[],"bids":[[66880.1,0,0]],"version":32448379785},{"asks":[[67081.2,11246,1]],"bids":[],"version":32448379784},{"asks":[],"bids":[[66949.1,7765,1]],"version":32448379783},{"asks":[[67027.5,8569,1]],"bids":[],"version":32448379782},{"asks":[],"bids":[[66923.1,9372,1]],"version":32448379781},{"asks":[[67044.2,14997,3]],"bids":[],"version":32448379780},{"asks":[[67036.5,10175,1]],"bids":[],"version":32448379779},{"asks":[],"bids":[[66979.9,20565,5]],"version":32448379778},{"asks":[],"bids":[[66930.5,14995,2]],"version":32448379777},{"asks":[],"bids":[[66979.8,11528,4]],"version":32448379776},{"asks":[[67071.6,13,1]],"bids":[],"version":32448379775},{"asks":[],"bids":[[66976.3,7765,1]],"version":32448379774},{"asks":[[67034.8,8302,2]],"bids":[],"version":32448379773},{"asks":[[67044.2,7709,2]],"bids":[],"version":32448379772},{"asks":[],"bids":[[66952,11190,2]],"version":32448379771},{"asks":[],"bids":[[66946.2,7765,1]],"version":32448379770},{"asks":[],"bids":[[66979.9,20626,6]],"version":32448379769},{"asks":[],"bids":[[66979.8,11343,3]],"version":32448379768},{"asks":[[66987.9,26829,2]],"bids":[],"version":32448379767},{"asks":[],"bids":[[66943.3,7245,1]],"version":32448379766},{"asks":[],"bids":[[66979.7,0,0]],"version":32448379765},{"asks":[],"bids":[[66978.9,5495,2]],"version":32448379764},{"asks":[],"bids":[[66930.5,7707,1]],"version":32448379763},{"asks":[],"bids":[[66979.7,61,1]],"version":32448379762},{"asks":[],"bids":[[66979.9,12919,5]],"version":32448379761},{"asks":[[67070,8610,4]],"bids":[],"version":32448379760},{"asks":[],"bids":[[66977.5,5709,2]],"version":32448379759},{"asks":[[67059.7,9641,2]],"bids":[],"version":32448379758},{"asks":[[67046.8,7216,1]],"bids":[],"version":32448379757},{"asks":[[67063.6,10446,2]],"bids":[],"version":32448379756},{"asks":[],"bids":[[66979.9,12858,4]],"version":32448379755},{"asks":[[67049.7,7765,1]],"bids":[],"version":32448379754},{"asks":[[67074,11246,2]],"bids":[],"version":32448379753},{"asks":[[67080,9163,7]],"bids":[],"version":32448379752},{"asks":[[67056,8301,1]],"bids":[],"version":32448379751},{"asks":[[67052.9,8569,1]],"bids":[],"version":32448379750},{"asks":[],"bids":[[66979.8,11282,2]],"version":32448379749},{"asks":[],"bids":[[66923,0,0]],"version":32448379748},{"asks":[],"bids":[[66936,10712,2]],"version":32448379747},{"asks":[[67066.8,8836,1]],"bids":[],"version":32448379746},{"asks":[],"bids":[[66979.9,5151,3]],"version":32448379745},{"asks":[],"bids":[[66979.9,4966,2]],"version":32448379744},{"asks":[[67031.7,0,0]],"bids":[],"version":32448379743},{"asks":[[66982.8,103686,2]],"bids":[],"version":32448379742},{"asks":[[66982.2,7680,2]],"bids":[],"version":32448379741},{"asks":[[66982.1,8152,2]],"bids":[],"version":32448379740},{"asks":[[66982,15527,2]],"bids":[],"version":32448379739},{"asks":[[66984.9,3903,1]],"bids":[],"version":32448379738},{"asks":[],"bids":[[66979.7,9909,2]],"version":32448379737},{"asks":[[67061.5,0,0]],"bids":[],"version":32448379736},{"asks":[[66982.8,203023,3]],"bids":[],"version":32448379735},{"asks":[[66982.2,12059,3]],"bids":[],"version":32448379734},{"asks":[[66982.1,12298,3]],"bids":[],"version":32448379733},{"asks":[[66982,26721,3]],"bids":[],"version":32448379732},{"asks":[],"bids":[[66971.5,0,0]],"version":32448379731}],"polled":{"seconds":60,"stepSec":2.0,"levels":20,"snapshots":[{"timestamp":1770985190181,"version":32448411860,"bids":[[66972.1,9244,1],[66972,3622,1],[66971.9,3524,1],[66971.7,61,1],[66971.6,16784,3],[66971.3,4457,1],[66971.2,103163,2],[66971.1,4465,1],[66971,4085,1],[66970.9,4011,1],[66970.8,20619,5],[66970.7,4485,2],[66970.6,3861,1],[66970.5,11519,3],[66970.4,14040,5],[66970.3,4084,2],[66970.2,4167,1],[66970.1,4389,1],[66969.7,3867,1],[66969.6,5353,2]],"asks":[[66972.2,10082,1],[66972.3,3838,1],[66972.4,4506,1],[66972.8,4553,1],[66972.9,4423,1],[66973,103765,2],[66973.1,3587,1],[66973.2,3523,1],[66973.3,4451,1],[66973.7,4584,1],[66973.8,3934,1],[66973.9,3928,1],[66974,4311,1],[66974.1,3519,1],[66974.2,4177,1],[66974.3,3766,1],[66974.4,3688,1],[66974.5,4144,1],[66974.6,3618,1],[66974.7,4312,1]]},{"timestamp":1770985192114,"version":32448413410,"bids":[[66979.3,16057,3],[66979.2,11482,2],[66979.1,3748,1],[66979,3803,1],[66978.9,4417,1],[66978.8,3982,1],[66978.7,4527,1],[66978.6,3997,1],[66978.5,5323,2],[66978.4,103055,2],[66978.3,3912,1],[66978.2,3516,1],[66978.1,4385,1],[66978,3983,1],[66977.9,3488,1],[66977.8,3591,1],[66977.7,3625,1],[66977.6,4613,1],[66977.5,4227,1],[66977.4,3728,1]],"asks":[[66979.4,8658,1],[66979.5,3516,1],[66979.6,3748,1],[66979.7,3803,1],[66979.8,4417,1],[66979.9,3982,1],[66980,4527,1],[66980.1,3997,1],[66980.2,103323,2],[66980.3,3715,1],[66980.4,3912,1],[66980.5,3516,1],[66980.6,4385,1],[66980.7,3983,1],[66980.8,3488,1],[66980.9,3591,1],[66981,3625,1],[66981.1,4613,1],[66981.2,4227,1],[66981.3,3728,1]]},{"timestamp":1770985194409,"version":32448413820,"bids":[[66979.3,9476,1],[66979.2,4135,1],[66979.1,4217,1],[66979,3862,1],[66978.9,4390,1],[66978.8,4591,1],[66978.7,3651,1],[66978.6,3711,1],[66978.5,4500,1],[66978.4,103135,2],[66978.3,3696,1],[66978.2,3714,1],[66978.1,4610,1],[66978,4015,1],[66977.9,3595,1],[66977.8,3697,1],[66977.7,4189,1],[66977.6,4428,1],[66977.5,3573,1],[66977.4,4333,1]],"asks":[[66979.4,23878,8],[66979.5,13972,3],[66979.6,4217,1],[66979.7,3862,1],[66979.8,4390,1],[66979.9,4591,1],[66980,3651,1],[66980.1,3711,1],[66980.2,103840,2],[66980.3,3795,1],[66980.4,3696,1],[66980.5,3714,1],[66980.6,4610,1],[66980.7,4015,1],[66980.8,3595,1],[66980.9,5037,2],[66981,4189,1],[66981.1,4428,1],[66981.2,3573,1],[66981.3,4333,1]]},{"timestamp":1770985196662,"version":32448415155,"bids":[[66973.1,8602,1],[66973,4128,1],[66972.9,3694,1],[66972.8,4441,1],[66972.7,4587,1],[66972.6,4071,1],[66972.5,4530,1],[66972.4,3771,1],[66972.3,3581,1],[66972.2,102885,2],[66972.1,4020,1],[66972,3571,1],[66971.9,4512,1],[66971.8,3609,1],[66971.7,3692,1],[66971.6,4304,1],[66971.5,4555,1],[66971.4,4024,1],[66971.3,3846,1],[66971.2,3868,1]],"asks":[[66973.2,24045,4],[66973.3,12099,2],[66973.4,3694,1],[66973.5,5781,2],[66973.6,4587,1],[66973.7,4071,1],[66973.8,4530,1],[66973.9,3771,1],[66974,102931,2],[66974.1,3535,1],[66974.2,4020,1],[66974.3,3571,1],[66974.4,4512,1],[66974.5,3609,1],[66974.6,3692,1],[66974.7,4304,1],[66974.8,4555,1],[66974.9,5364,2],[66975,3846,1],[66975.1,3868,1]]},{"timestamp":1770985198851,"version":32448415570,"bids":[[66973.1,9546,1],[66973,3766,1],[66972.9,4554,1],[66972.8,4162,1],[66972.7,3523,1],[66972.6,4535,1],[66972.5,3934,1],[66972.4,3887,1],[66972.3,3657,1],[66972.2,103081,2],[66972.1,3731,1],[66972,3631,1],[66971.9,4530,1],[66971.8,4088,1],[66971.7,4466,1],[66971.6,3690,1],[66971.5,3435,1],[66971.4,3481,1],[66971.3,4548,1],[66971.2,4316,1]],"asks":[[66973.2,12834,5],[66973.3,3766,1],[66973.4,4554,1],[66973.5,5502,2],[66973.6,3523,1],[66973.7,4535,1],[66973.8,3934,1],[66973.9,3887,1],[66974,103006,2],[66974.1,3731,1],[66974.2,3731,1],[66974.3,3631,1],[66974.4,4530,1],[66974.5,4088,1],[66974.6,4466,1],[66974.7,3690,1],[66974.8,3435,1],[66974.9,4821,2],[66975,4548,1],[66975.1,4316,1]]},{"timestamp":1770985201209,"version":32448417120,"bids":[[66968,1,1],[66963.3,14041,2],[66963.2,8472,2],[66963.1,7623,2],[66963,3723,1],[66962.9,4387,1],[66962.5,3972,1],[66962.4,103194,2],[66962.3,4186,1],[66962.2,4565,1],[66962.1,3610,1],[66962,4252,1],[66961.9,3778,1],[66961.8,3454,1],[66961.7,3975,2],[66961.6,4431,1],[66961.5,4493,1],[66961.4,4129,1],[66961.3,3428,1],[66961.2,4002,1]],"asks":[[66969.3,22402,1],[66969.6,22402,1],[66970.3,2620,1],[66970.4,26604,12],[66970.5,22598,4],[66970.6,4078,1],[66970.7,4362,1],[66970.8,3714,1],[66970.9,2353,1],[66971,2658,1],[66971.1,2835,1],[66971.2,2479,1],[66971.3,2844,1],[66971.4,2424,1],[66971.5,2335,1],[66971.6,2732,1],[66971.7,2876,1],[66971.8,2349,1],[66971.9,4118,2],[66972,2416,1]]},{"timestamp":1770985202964,"version":32448419230,"bids":[[66973.1,25707,5],[66973,12315,2],[66972.9,3493,1],[66972.8,4490,1],[66972.7,4074,1],[66972.6,5967,2],[66972.5,4482,1],[66972.4,3458,1],[66972.3,3830,1],[66972.2,103614,2],[66972.1,3652,1],[66972,3911,1],[66971.9,4148,1],[66971.8,4293,1],[66971.7,3979,1],[66971.6,3435,1],[66971.5,4283,1],[66971.4,3668,1],[66971.3,3570,1],[66971.2,3868,1]],"asks":[[66973.2,14225,2],[66973.3,8043,2],[66973.4,8045,2],[66973.8,4482,1],[66973.9,3458,1],[66974,103180,2],[66974.1,4264,1],[66974.2,3652,1],[66974.3,3911,1],[66974.4,4148,1],[66974.5,4293,1],[66974.6,3979,1],[66974.7,3435,1],[66974.8,4283,1],[66974.9,3668,1],[66975,3570,1],[66975.1,3868,1],[66975.2,4613,1],[66975.3,3446,1],[66975.4,3468,1]]},{"timestamp":1770985205618,"version":32448419820,"bids":[[66973.1,990,1],[66973,8480,1],[66972.9,4320,1],[66972.8,4238,1],[66972.7,3726,1],[66972.6,3736,1],[66972.5,3589,1],[66972.4,3463,1],[66972.3,3477,1],[66972.2,102922,2],[66972.1,3435,1],[66972,3876,1],[66971.9,4526,1],[66971.8,3522,1],[66971.7,3464,1],[66971.6,3477,1],[66971.5,4577,1],[66971.4,4249,1],[66971.3,3637,1],[66971.2,3708,1]],"asks":[[66973.2,10827,1],[66973.3,4467,1],[66973.4,4353,1],[66973.5,4238,1],[66973.6,3726,1],[66973.7,3736,1],[66973.8,3589,1],[66973.9,3463,1],[66974,102827,2],[66974.1,3572,1],[66974.2,3435,1],[66974.3,3876,1],[66974.4,4526,1],[66974.5,3522,1],[66974.6,3464,1],[66974.7,3477,1],[66974.8,4577,1],[66974.9,4249,1],[66975,3637,1],[66975.1,3708,1]]},{"timestamp":1770985207378,"version":32448420230,"bids":[[66973.1,16842,3],[66973,3926,1],[66972.9,4624,1],[66972.8,5110,2],[66972.7,4497,1],[66972.6,3641,1],[66972.5,4148,1],[66972.4,4377,1],[66972.3,3730,1],[66972.2,103563,2],[66972.1,3756,1],[66972,3957,1],[66971.9,3532,1],[66971.8,3845,1],[66971.7,3628,1],[66971.6,3604,1],[66971.5,3525,1],[66971.4,3536,1],[66971.3,4842,2],[66971.2,3743,1]],"asks":[[66973.2,11245,2],[66973.3,3926,1],[66973.4,4624,1],[66973.5,3770,1],[66973.6,4497,1],[66973.7,3641,1],[66973.8,4148,1],[66973.9,4377,1],[66974,103080,2],[66974.1,4213,1],[66974.2,3756,1],[66974.3,3957,1],[66974.4,3532,1],[66974.5,3845,1],[66974.6,3628,1],[66974.7,3604,1],[66974.8,3525,1],[66974.9,3536,1],[66975,3502,1],[66975.1,3743,1]]},{"timestamp":1770985209974,"version":32448423115,"bids":[[66987.7,22920,4],[66987.6,14663,2],[66987.5,4464,1],[66987.4,3963,1],[66987.3,4062,1],[66987.2,3484,1],[66987.1,3515,1],[66987,5308,2],[66986.9,3748,1],[66986.8,103144,2],[66986.7,4325,1],[66986.6,4435,1],[66986.5,3561,1],[66986.4,4067,1],[66986.3,3948,1],[66986.2,4136,1],[66986.1,3810,1],[66986,3444,1],[66985.9,4588,1],[66985.8,3992,1]],"asks":[[66987.8,10883,1],[66987.9,4559,1],[66988,4464,1],[66988.1,3963,1],[66988.2,4062,1],[66988.3,3484,1],[66988.4,3515,1],[66988.5,3968,1],[66988.6,103076,2],[66988.7,3816,1],[66988.8,4325,1],[66988.9,4435,1],[66989,3561,1],[66989.1,4067,1],[66989.2,3948,1],[66989.3,4136,1],[66989.4,3810,1],[66989.5,3444,1],[66989.6,4588,1],[66989.7,3992,1]]},{"timestamp":1770985211927,"version":32448424610,"bids":[[66993.9,3928,1],[66993.8,4172,1],[66993.7,4122,1],[66993.6,3738,1],[66993.5,4454,1],[66993.4,4235,1],[66993.3,4440,2],[66993.2,18862,4],[66993,4588,1],[66992.9,3599,1],[66992.8,8611,2],[66992.7,3836,1],[66992.6,4713,1],[66992.4,4713,1],[66992.2,4643,1],[66992,4670,1],[66991.8,3765,1],[66991.6,4741,1],[66991.5,7451,1],[66991.4,4574,1]],"asks":[[66994,1340,1],[66995,6,1],[66995.4,1340,1],[66996,9504,1],[66996.1,3979,1],[66996.2,4352,1],[66996.3,3878,1],[66996.4,4305,1],[66996.5,3672,1],[66996.6,3824,1],[66996.7,4054,1],[66996.8,105163,3],[66996.9,4449,1],[66997,4457,1],[66997.1,3734,1],[66997.2,4551,1],[66997.3,4231,1],[66997.4,3438,1],[66997.5,4522,1],[66997.6,3755,1]]},{"timestamp":1770985213986,"version":32448425205,"bids":[[66997.1,14895,3],[66996.4,11884,3],[66996.3,3840,1],[66996.2,3818,1],[66996.1,4518,1],[66996,4215,1],[66995.6,3610,1],[66995.5,4605,1],[66995.4,4369,1],[66995.3,3959,1],[66995.2,4525,1],[66995.1,3805,1],[66995,3782,1],[66994.9,9019,2],[66994.8,3603,1],[66994.7,7481,2],[66994.6,4589,1],[66994.5,8082,2],[66994.4,4545,1],[66994.3,4791,1]],"asks":[[66997.2,1340,1],[66997.7,15517,2],[66997.8,7944,2],[66997.9,7725,2],[66998,4318,1],[66998.1,3876,1],[66998.2,3809,1],[66998.3,4429,1],[66998.4,3812,1],[66998.5,103349,2],[66998.6,5844,2],[66999,3840,1],[66999.1,3818,1],[66999.2,4518,1],[66999.3,4215,1],[66999.4,4408,1],[66999.5,4464,1],[66999.6,3462,1],[66999.7,3837,1],[66999.8,4455,1]]},{"timestamp":1770985216277,"version":32448427550,"bids":[[66993.6,17248,2],[66993.5,3492,1],[66993.4,4174,2],[66993.3,3877,1],[66993.2,3664,1],[66993.1,3788,1],[66993,4397,1],[66992.9,4226,1],[66992.8,4570,1],[66992.7,103236,2],[66992.6,3813,1],[66992.5,3527,1],[66992.4,3642,1],[66992.3,3912,1],[66992.2,3639,1],[66992.1,3811,1],[66992,3893,1],[66991.9,4094,1],[66991.8,3484,1],[66991.7,4178,1]],"asks":[[66994.5,1340,1],[66995.9,1340,1],[66996.3,8252,2],[66996.4,8589,2],[66996.5,9731,2],[66996.6,3791,1],[66996.7,4646,1],[66996.8,4421,1],[66996.9,4767,1],[66997,4700,1],[66997.1,3865,1],[66997.2,3994,1],[66997.3,5518,2],[66997.4,3766,1],[66997.5,4298,1],[66997.6,3877,1],[66997.7,4734,1],[66997.8,4192,1],[66997.9,3735,1],[66998,4848,1]]},{"timestamp":1770985218718,"version":32448428550,"bids":[[66998,7970,1],[66997.9,3868,1],[66997.8,3486,1],[66997.7,3741,1],[66997.6,4482,1],[66997.5,4191,1],[66997.4,4315,1],[66997.3,4483,1],[66997.2,4433,1],[66997.1,99313,1],[66996.9,1765,1],[66996.6,4537,1],[66996.5,4157,1],[66996.4,4495,1],[66996.3,5209,2],[66996.2,3575,1],[66996.1,3920,1],[66996,4620,1],[66995.9,4566,1],[66995.8,3914,1]],"asks":[[66998.1,12679,2],[66998.2,8373,2],[66998.3,7204,2],[66998.4,3584,1],[66998.5,3849,1],[66998.6,4379,1],[66998.7,3833,1],[66998.8,3702,1],[66998.9,103695,2],[66999,4490,1],[66999.1,4506,1],[66999.2,4538,1],[66999.3,3600,1],[66999.4,3621,1],[66999.5,3854,1],[66999.6,4333,1],[66999.7,3821,1],[67000,4529,2],[67000.2,4170,1],[67000.3,4383,1]]},{"timestamp":1770985220736,"version":32448429065,"bids":[[66998,8823,1],[66997.9,4230,1],[66997.8,3452,1],[66997.7,4341,1],[66997.6,3984,1],[66997.5,3566,1],[66997.4,3459,1],[66997.3,3720,1],[66997.2,4363,1],[66997.1,103729,2],[66997,4397,1],[66996.9,5850,3],[66996.8,3776,1],[66996.7,3556,1],[66996.6,4079,1],[66996.5,3843,1],[66996.4,4265,1],[66996.3,4101,1],[66996.2,3506,1],[66996.1,3437,1]],"asks":[[66998.1,26925,8],[66998.2,11693,2],[66998.3,3452,1],[66998.4,4341,1],[66998.5,3984,1],[66998.6,3566,1],[66998.7,3459,1],[66998.8,5060,2],[66998.9,103676,2],[66999,4416,1],[66999.1,4397,1],[66999.2,4078,1],[66999.3,3776,1],[66999.4,3556,1],[66999.5,4079,1],[66999.6,3843,1],[66999.7,4265,1],[66999.8,4101,1],[66999.9,3506,1],[67000,3537,2]]},{"timestamp":1770985222886,"version":32448429930,"bids":[[66998,9020,1],[66997.9,3776,1],[66997.8,4637,2],[66997.7,4158,1],[66997.6,4032,1],[66997.5,4234,1],[66997.4,3932,1],[66997.3,4098,1],[66997.2,4156,1],[66997.1,103425,2],[66997,3586,1],[66996.9,5566,3],[66996.8,3779,1],[66996.7,3445,1],[66996.6,4411,1],[66996.5,3895,1],[66996.4,3755,1],[66996.3,4269,1],[66996.2,4558,1],[66996.1,3831,1]],"asks":[[66998.1,26294,7],[66998.2,11239,2],[66998.3,4475,1],[66998.4,4158,1],[66998.5,4032,1],[66998.6,4234,1],[66998.7,3932,1],[66998.8,5438,2],[66998.9,103469,2],[66999,4112,1],[66999.1,3586,1],[66999.2,3794,1],[66999.3,3779,1],[66999.4,3445,1],[66999.5,4411,1],[66999.6,3895,1],[66999.7,3755,1],[66999.8,4269,1],[66999.9,4558,1],[67000,3931,2]]},{"timestamp":1770985224825,"version":32448430430,"bids":[[66998,10465,4],[66997.9,4416,1],[66997.8,4297,2],[66997.7,3991,1],[66997.6,3965,1],[66997.5,3914,1],[66997.4,3953,2],[66997.3,4165,1],[66997.2,4374,1],[66997.1,103585,2],[66997,4531,1],[66996.9,5545,2],[66996.8,4560,1],[66996.7,4146,1],[66996.6,3972,1],[66996.5,4340,1],[66996.4,3978,1],[66996.3,3538,1],[66996.2,4473,1],[66996.1,3682,1]],"asks":[[66998.1,24903,3],[66998.2,11879,2],[66998.3,4135,1],[66998.4,3991,1],[66998.5,3965,1],[66998.6,5254,2],[66998.7,3952,1],[66998.8,4165,1],[66998.9,103687,2],[66999,4272,1],[66999.1,4531,1],[66999.2,3780,1],[66999.3,4560,1],[66999.4,4146,1],[66999.5,3972,1],[66999.6,4340,1],[66999.7,3978,1],[66999.8,3538,1],[66999.9,4473,1],[67000,3782,2]]},{"timestamp":1770985227358,"version":32448431285,"bids":[[66995,832,2],[66994.9,3605,1],[66994.8,4027,1],[66994.7,4589,1],[66994.6,4628,1],[66994.5,3581,1],[66994.4,4369,1],[66994.3,3835,1],[66994.2,4094,1],[66994.1,103654,2],[66994,4219,1],[66993.9,4265,1],[66993.8,3503,1],[66993.7,4206,1],[66993.6,3796,1],[66993.5,4006,2],[66993.4,3617,2],[66993.3,3557,1],[66993.2,3732,1],[66993.1,4116,1]],"asks":[[66995.1,8345,3],[66996.9,822,1],[66997,11531,3],[66997.1,3523,1],[66997.2,3986,1],[66997.3,3464,1],[66997.4,3803,1],[66997.5,4339,1],[66997.6,3935,1],[66997.7,4302,1],[66997.8,4317,1],[66997.9,4279,1],[66998,3485,1],[66998.1,5320,3],[66998.2,3991,1],[66998.3,4353,1],[66998.4,4883,1],[66998.5,4829,1],[66998.6,4408,1],[66998.7,3942,1]]},{"timestamp":1770985228970,"version":32448431985,"bids":[[66998.3,17849,4],[66998.2,11210,2],[66998.1,3742,1],[66998,4256,1],[66997.9,4429,1],[66997.8,4326,1],[66997.7,4479,1],[66997.6,3622,1],[66997.5,3884,1],[66997.4,102846,2],[66997.3,4450,1],[66997.2,4386,1],[66997.1,3803,1],[66997,3795,1],[66996.9,5085,2],[66996.8,3889,1],[66996.7,3907,1],[66996.6,4204,1],[66996.5,4152,1],[66996.4,4217,1]],"asks":[[66998.4,8467,1],[66998.5,3747,1],[66998.6,3742,1],[66998.7,4256,1],[66998.8,4429,1],[66998.9,4326,1],[66999,4479,1],[66999.1,3622,1],[66999.2,103196,2],[66999.3,3534,1],[66999.4,4450,1],[66999.5,4386,1],[66999.6,3803,1],[66999.7,3795,1],[66999.8,3745,1],[66999.9,3889,1],[67000,4007,2],[67000.1,4204,1],[67000.2,4152,1],[67000.3,4217,1]]},{"timestamp":1770985231572,"version":32448432580,"bids":[[66998.3,9981,2],[66998.2,3948,1],[66998.1,3719,1],[66998,3445,1],[66997.9,3726,1],[66997.8,3833,1],[66997.7,4459,1],[66997.6,3455,1],[66997.5,3923,1],[66997.4,102926,2],[66997.3,4603,1],[66997.2,4409,1],[66997.1,3939,1],[66997,4482,1],[66996.9,4186,1],[66996.8,3882,1],[66996.7,4367,1],[66996.6,3811,1],[66996.5,3960,1],[66996.4,4043,1]],"asks":[[66998.4,29048,9],[66998.5,11447,2],[66998.6,3719,1],[66998.7,3446,2],[66998.8,3726,1],[66998.9,3833,1],[66999,4459,1],[66999.1,3455,1],[66999.2,103235,2],[66999.3,3614,1],[66999.4,4603,1],[66999.5,4409,1],[66999.6,3939,1],[66999.7,4482,1],[66999.8,4186,1],[66999.9,3882,1],[67000,4467,2],[67000.1,5151,2],[67000.2,3960,1],[67000.3,4043,1]]},{"timestamp":1770985233871,"version":32448433445,"bids":[[66998.3,5905,1],[66998.2,4592,1],[66998.1,4542,1],[66998,3725,1],[66997.9,3674,1],[66997.8,4414,1],[66997.7,4334,1],[66997.6,3711,1],[66997.5,4365,1],[66997.4,103433,2],[66997.3,3668,1],[66997.2,4051,1],[66997.1,3716,1],[66997,4190,1],[66996.9,4549,1],[66996.8,4162,1],[66996.7,3773,1],[66996.6,4623,1],[66996.5,4292,1],[66996.4,4501,1]],"asks":[[66998.4,27842,7],[66998.5,12091,2],[66998.6,4542,1],[66998.7,3726,2],[66998.8,3674,1],[66998.9,4414,1],[66999,4334,1],[66999.1,3711,1],[66999.2,103677,2],[66999.3,4121,1],[66999.4,3668,1],[66999.5,4051,1],[66999.6,3716,1],[66999.7,4190,1],[66999.8,4549,1],[66999.9,4161,1],[67000,3874,3],[67000.1,5963,2],[67000.2,4292,1],[67000.3,4501,1]]},{"timestamp":1770985235672,"version":32448433802,"bids":[[66998.3,8746,1],[66998.2,3556,1],[66998.1,4040,1],[66998,4119,1],[66997.9,4106,1],[66997.8,4529,1],[66997.7,3912,1],[66997.6,3697,1],[66997.5,4511,1],[66997.4,103434,2],[66997.3,4360,1],[66997.2,4429,1],[66997.1,4078,1],[66997,3673,1],[66996.9,4033,1],[66996.8,4282,1],[66996.7,3425,1],[66996.6,3785,1],[66996.5,4543,1],[66996.4,4344,1]],"asks":[[66998.4,24357,5],[66998.5,11055,2],[66998.6,4040,1],[66998.7,4120,2],[66998.8,4106,1],[66998.9,4529,1],[66999,3912,1],[66999.1,3697,1],[66999.2,103823,2],[66999.3,4122,1],[66999.4,4360,1],[66999.5,4429,1],[66999.6,4078,1],[66999.7,3673,1],[66999.8,4033,1],[66999.9,4282,1],[67000,3526,3],[67000.1,5125,2],[67000.2,4543,1],[67000.3,4344,1]]},{"timestamp":1770985238245,"version":32448434690,"bids":[[66998.6,18792,3],[66998.5,5383,2],[66998.4,18467,3],[66998,4053,1],[66997.9,3635,1],[66997.8,4336,1],[66997.7,3500,1],[66997.6,3979,1],[66997.5,4202,1],[66997.4,4618,1],[66997.3,3516,1],[66997.2,7685,2],[66997.1,4831,2],[66997,7741,2],[66996.9,3723,1],[66996.8,8313,2],[66996.7,3575,1],[66996.6,4514,1],[66996.4,4165,1],[66996.2,3729,1]],"asks":[[66998.7,1,1],[67000,13417,4],[67000.1,8897,2],[67000.2,7049,2],[67000.3,4549,1],[67000.4,3608,1],[67000.5,3448,1],[67000.6,4030,1],[67000.7,4231,1],[67000.8,103689,2],[67000.9,3828,1],[67001,3693,1],[67001.4,4043,1],[67001.5,3878,1],[67001.6,4426,1],[67001.7,4031,1],[67001.8,4526,1],[67001.9,4107,1],[67002,4218,1],[67002.1,4513,1]]},{"timestamp":1770985240386,"version":32448436200,"bids":[[67011.7,8828,1],[67011.6,3731,1],[67011.5,3658,1],[67011.3,4109,1],[67011.2,4271,1],[67011.1,3488,1],[67011,4044,1],[67010.9,3666,1],[67010.8,102909,2],[67010.7,4052,1],[67010.6,1340,1],[67010.3,4569,1],[67010.2,4194,1],[67010.1,3614,1],[67010,4186,1],[67009.9,4123,1],[67009.8,4294,1],[67009.7,3621,1],[67009.6,4288,1],[67009.5,3508,1]],"asks":[[67011.8,12336,2],[67011.9,8241,2],[67012,7720,2],[67012.1,4525,1],[67012.2,3638,2],[67012.3,3667,1],[67012.4,3952,1],[67012.5,3581,2],[67012.6,103868,2],[67012.7,3818,1],[67012.8,4603,1],[67012.9,3494,1],[67013,4230,1],[67013.1,6885,2],[67013.2,3893,2],[67013.3,3994,1],[67013.4,17,1],[67013.7,3515,1],[67013.8,4370,1],[67013.9,3827,1]]},{"timestamp":1770985242605,"version":32448437575,"bids":[[67012.1,16330,6],[67012,14774,2],[67011.2,4898,1],[67011,4706,1],[67010.8,26897,2],[67010.7,1340,1],[67010.6,4057,1],[67010.4,4665,1],[67010.2,7734,2],[67010.1,2812,1],[67010,6349,2],[67009.9,2522,1],[67009.8,7664,2],[67009.7,2886,1],[67009.6,7445,2],[67009.5,2588,1],[67009.4,7410,2],[67009.3,2422,1],[67009.2,8295,3],[67009.1,2556,1]],"asks":[[67012.2,38,1],[67012.5,1,1],[67013.1,2450,1],[67013.2,373,1],[67013.4,17,1],[67014,11,1],[67016,4,3],[67017,13354,2],[67017.1,7768,2],[67017.2,7775,2],[67017.3,4553,1],[67017.7,4400,1],[67017.8,103193,2],[67017.9,3677,1],[67018,4282,1],[67018.1,3913,1],[67018.2,4612,1],[67018.3,4417,2],[67018.4,3642,1],[67018.5,4078,1]]},{"timestamp":1770985244756,"version":32448438790,"bids":[[67021.2,23757,2],[67021.1,17222,2],[67021,3785,1],[67020.9,3669,1],[67020.8,4137,2],[67020.7,3661,1],[67020.6,16,1],[67020.5,7467,1],[67020.3,103325,2],[67020.2,3632,1],[67020.1,3520,1],[67020,3479,1],[67019.9,4235,1],[67019.8,4157,1],[67019.7,4550,1],[67019.6,5547,2],[67019.5,4555,1],[67019.4,4577,1],[67019.3,4333,1],[67019.2,3444,1]],"asks":[[67021.3,14497,2],[67021.4,8541,2],[67021.5,7942,2],[67021.6,4550,1],[67021.7,4207,1],[67021.8,4555,1],[67021.9,4577,1],[67022,4333,1],[67022.1,102722,2],[67022.2,4336,1],[67022.3,4126,1],[67022.4,3685,1],[67022.5,3599,1],[67022.6,4288,1],[67022.7,3605,1],[67022.8,4057,1],[67022.9,3828,1],[67023,3884,1],[67023.1,3762,1],[67023.2,3828,1]]},{"timestamp":1770985246808,"version":32448441100,"bids":[[67035.1,8756,2],[67035,4105,1],[67034.9,3990,1],[67034.8,4180,1],[67034.7,3579,1],[67034.6,3878,1],[67034.5,4459,1],[67034.4,4427,1],[67034.3,3818,1],[67034.2,103585,2],[67034.1,4577,1],[67034,3513,1],[67033.9,4513,1],[67033.8,3620,1],[67033.7,4559,1],[67033.6,4466,1],[67033.5,4180,1],[67033.4,4260,1],[67033.3,4438,1],[67033.2,3974,1]],"asks":[[67035.2,23335,3],[67035.3,4104,1],[67035.4,3989,1],[67035.5,4180,1],[67035.6,3579,1],[67035.7,3878,1],[67035.8,4459,1],[67035.9,4427,1],[67036,103076,2],[67036.1,4327,1],[67036.2,4577,1],[67036.3,3513,1],[67036.4,4513,1],[67036.5,3620,1],[67036.6,4559,1],[67036.7,4466,1],[67036.8,4180,1],[67036.9,5600,2],[67037,4438,1],[67037.1,3974,1]]},{"timestamp":1770985248945,"version":32448441675,"bids":[[67035.8,9127,2],[67035.7,4610,1],[67035.6,4268,1],[67035.5,4073,1],[67035.4,4077,1],[67035.3,4137,1],[67035.2,4495,1],[67035.1,4257,2],[67035,4265,1],[67034.9,103542,2],[67034.8,4191,1],[67034.7,4502,1],[67034.6,4172,1],[67034.5,4389,1],[67034.4,4611,1],[67034.3,3967,1],[67034.2,4545,1],[67034.1,3939,1],[67034,3737,1],[67033.9,3566,1]],"asks":[[67035.9,19135,8],[67036,12074,2],[67036.1,4268,1],[67036.2,4073,1],[67036.3,4077,1],[67036.4,4137,1],[67036.5,4495,1],[67036.6,4213,1],[67036.7,103522,2],[67036.8,4285,1],[67036.9,4191,1],[67037,4502,1],[67037.1,4172,1],[67037.2,4389,1],[67037.3,5951,2],[67037.4,3967,1],[67037.5,4545,1],[67037.6,3939,1],[67037.7,3737,1],[67037.8,3566,1]]}]}},"trades":[{"p":66979.7,"v":6,"T":2,"O":3,"M":1,"t":1770985128077,"i":"13369431116"},{"p":66979.7,"v":6,"T":2,"O":3,"M":1,"t":1770985128077,"i":"13369431115"},{"p":66979.8,"v":46,"T":1,"O":2,"M":2,"t":1770985127824,"i":"13369431110"},{"p":66979.8,"v":59,"T":1,"O":2,"M":2,"t":1770985127773,"i":"13369431109"},{"p":66979.7,"v":2,"T":2,"O":3,"M":1,"t":1770985127578,"i":"13369431088"},{"p":66979.8,"v":177,"T":1,"O":2,"M":2,"t":1770985127128,"i":"13369431031"},{"p":66979.7,"v":4,"T":2,"O":3,"M":1,"t":1770985127078,"i":"13369431018"},{"p":66979.8,"v":44,"T":1,"O":2,"M":2,"t":1770985126353,"i":"13369430965"},{"p":66979.7,"v":8,"T":2,"O":3,"M":1,"t":1770985126076,"i":"13369430876"},{"p":66979.8,"v":1553,"T":1,"O":2,"M":2,"t":1770985125681,"i":"13369430847"},{"p":66979.8,"v":672,"T":1,"O":2,"M":2,"t":1770985125218,"i":"13369430791"},{"p":66979.7,"v":5,"T":2,"O":3,"M":1,"t":1770985125077,"i":"13369430753"},{"p":66979.8,"v":2985,"T":1,"O":3,"M":2,"t":1770985124943,"i":"13369430747"},{"p":66979.7,"v":631,"T":2,"O":3,"M":2,"t":1770985124317,"i":"13369430687"},{"p":66979.8,"v":6,"T":1,"O":3,"M":1,"t":1770985124077,"i":"13369430624"},{"p":66979.8,"v":4,"T":1,"O":3,"M":1,"t":1770985124077,"i":"13369430623"},{"p":66979.8,"v":1,"T":1,"O":3,"M":2,"t":1770985124076,"i":"13369430622"},{"p":66979.7,"v":28,"T":2,"O":3,"M":2,"t":1770985123504,"i":"13369430536"},{"p":66979.7,"v":2119,"T":2,"O":3,"M":2,"t":1770985123123,"i":"13369430478"},{"p":66979.8,"v":369,"T":1,"O":1,"M":2,"t":1770985123050,"i":"13369430471"},{"p":66979.8,"v":4640,"T":1,"O":3,"M":2,"t":1770985122908,"i":"13369430439"},{"p":66979.8,"v":5461,"T":1,"O":3,"M":2,"t":1770985122908,"i":"13369430438"},{"p":66979.7,"v":53,"T":2,"O":3,"M":2,"t":1770985122837,"i":"13369430437"},{"p":66979.7,"v":1463,"T":2,"O":3,"M":2,"t":1770985122574,"i":"13369430393"},{"p":66979.7,"v":1,"T":2,"O":3,"M":1,"t":1770985122076,"i":"13369430338"},{"p":66979.8,"v":740,"T":1,"O":1,"M":2,"t":1770985122012,"i":"13369430335"},{"p":66979.8,"v":1015,"T":1,"O":1,"M":2,"t":1770985122010,"i":"13369430334"},{"p":66979.7,"v":2,"T":2,"O":3,"M":1,"t":1770985121577,"i":"13369430308"},{"p":66979.8,"v":6,"T":1,"O":3,"M":1,"t":1770985121077,"i":"13369430235"},{"p":66979.7,"v":346,"T":2,"O":3,"M":2,"t":1770985120712,"i":"13369430209"},{"p":66979.7,"v":15,"T":2,"O":3,"M":2,"t":1770985120712,"i":"13369430208"},{"p":66979.7,"v":353,"T":2,"O":3,"M":2,"t":1770985120712,"i":"13369430207"},{"p":66979.8,"v":954,"T":1,"O":3,"M":2,"t":1770985120320,"i":"13369430176"},{"p":66979.8,"v":4,"T":1,"O":3,"M":1,"t":1770985120077,"i":"13369430112"},{"p":66978.5,"v":171,"T":2,"O":1,"M":2,"t":1770985119954,"i":"13369430109"},{"p":66978.5,"v":15,"T":2,"O":1,"M":2,"t":1770985119954,"i":"13369430108"},{"p":66979.8,"v":616,"T":1,"O":2,"M":2,"t":1770985119931,"i":"13369430107"},{"p":66978.6,"v":1,"T":1,"O":3,"M":2,"t":1770985119931,"i":"13369430106"},{"p":66976,"v":11,"T":1,"O":3,"M":2,"t":1770985119591,"i":"13369430084"},{"p":66975.1,"v":6,"T":1,"O":1,"M":2,"t":1770985119591,"i":"13369430083"},{"p":66973.6,"v":250,"T":1,"O":1,"M":2,"t":1770985119591,"i":"13369430082"},{"p":66973.6,"v":27,"T":1,"O":3,"M":2,"t":1770985119124,"i":"13369430005"},{"p":66973.5,"v":4,"T":2,"O":3,"M":1,"t":1770985119082,"i":"13369429997"},{"p":66973.5,"v":5,"T":2,"O":3,"M":1,"t":1770985119079,"i":"13369429996"},{"p":66973.6,"v":43,"T":1,"O":1,"M":2,"t":1770985118912,"i":"13369429985"},{"p":66973.6,"v":70,"T":1,"O":3,"M":2,"t":1770985118881,"i":"13369429983"},{"p":66973.2,"v":2,"T":1,"O":3,"M":2,"t":1770985118881,"i":"13369429982"},{"p":66973.2,"v":7,"T":1,"O":3,"M":1,"t":1770985118577,"i":"13369429932"},{"p":66973.1,"v":7,"T":2,"O":3,"M":1,"t":1770985118576,"i":"13369429931"},{"p":66970.3,"v":51,"T":2,"O":1,"M":2,"t":1770985117679,"i":"13369429785"},{"p":66970.4,"v":1271,"T":1,"O":3,"M":2,"t":1770985117627,"i":"13369429780"},{"p":66970.3,"v":2,"T":2,"O":1,"M":2,"t":1770985117551,"i":"13369429745"},{"p":66970.4,"v":11,"T":1,"O":3,"M":1,"t":1770985117076,"i":"13369429656"},{"p":66970.3,"v":9,"T":2,"O":1,"M":2,"t":1770985116713,"i":"13369429620"},{"p":66970.4,"v":560,"T":1,"O":3,"M":2,"t":1770985116283,"i":"13369429528"},{"p":66970.3,"v":20,"T":2,"O":1,"M":2,"t":1770985116277,"i":"13369429523"},{"p":66970.4,"v":1,"T":1,"O":3,"M":1,"t":1770985116078,"i":"13369429471"},{"p":66970.4,"v":1,"T":1,"O":3,"M":1,"t":1770985116078,"i":"13369429470"},{"p":66970.3,"v":1336,"T":2,"O":1,"M":2,"t":1770985116037,"i":"13369429467"},{"p":66970.3,"v":1,"T":2,"O":3,"M":1,"t":1770985115581,"i":"13369429443"},{"p":66970.3,"v":1,"T":2,"O":3,"M":1,"t":1770985115581,"i":"13369429438"},{"p":66970.4,"v":44,"T":1,"O":3,"M":2,"t":1770985115011,"i":"13369429385"},{"p":66970.3,"v":27,"T":2,"O":3,"M":2,"t":1770985114984,"i":"13369429384"},{"p":66970.4,"v":1484,"T":1,"O":1,"M":2,"t":1770985114827,"i":"13369429383"},{"p":66970.4,"v":103,"T":1,"O":1,"M":2,"t":1770985114748,"i":"13369429382"},{"p":66970.3,"v":106,"T":2,"O":3,"M":2,"t":1770985114627,"i":"13369429375"},{"p":66970.3,"v":2,"T":2,"O":1,"M":2,"t":1770985114586,"i":"13369429368"},{"p":66970.3,"v":2119,"T":2,"O":3,"M":2,"t":1770985114523,"i":"13369429353"},{"p":66970.3,"v":53,"T":2,"O":3,"M":2,"t":1770985114484,"i":"13369429352"},{"p":66970.4,"v":419,"T":1,"O":3,"M":2,"t":1770985114480,"i":"13369429351"},{"p":66970.4,"v":1492,"T":1,"O":3,"M":2,"t":1770985114467,"i":"13369429349"},{"p":66970.4,"v":376,"T":1,"O":3,"M":2,"t":1770985114467,"i":"13369429348"},{"p":66970.3,"v":289,"T":2,"O":1,"M":2,"t":1770985114342,"i":"13369429341"},{"p":66970.4,"v":506,"T":1,"O":3,"M":2,"t":1770985114295,"i":"13369429330"},{"p":66970.4,"v":67,"T":1,"O":1,"M":2,"t":1770985114031,"i":"13369429267"},{"p":66970.3,"v":37,"T":2,"O":1,"M":2,"t":1770985114008,"i":"13369429266"},{"p":66970.5,"v":149,"T":2,"O":3,"M":2,"t":1770985113094,"i":"13369429062"},{"p":66970.6,"v":6,"T":1,"O":3,"M":1,"t":1770985113078,"i":"13369429061"},{"p":66970.6,"v":3,"T":1,"O":3,"M":1,"t":1770985113078,"i":"13369429060"},{"p":66970.3,"v":89,"T":2,"O":1,"M":2,"t":1770985112381,"i":"13369429027"},{"p":66970.6,"v":2469,"T":1,"O":2,"M":2,"t":1770985112378,"i":"13369429026"},{"p":66970.5,"v":1070,"T":1,"O":2,"M":2,"t":1770985112378,"i":"13369429025"},{"p":66970.3,"v":1,"T":2,"O":1,"M":2,"t":1770985112370,"i":"13369429024"},{"p":66970.5,"v":2080,"T":1,"O":2,"M":2,"t":1770985112349,"i":"13369429023"},{"p":66970.5,"v":52,"T":1,"O":2,"M":2,"t":1770985112308,"i":"13369429022"},{"p":66970.4,"v":8,"T":2,"O":3,"M":1,"t":1770985112079,"i":"13369428953"},{"p":66970.5,"v":852,"T":1,"O":3,"M":2,"t":1770985111686,"i":"13369428911"},{"p":66970.4,"v":15,"T":1,"O":1,"M":2,"t":1770985111686,"i":"13369428910"},{"p":66970.4,"v":949,"T":1,"O":1,"M":2,"t":1770985111686,"i":"13369428909"},{"p":66971.2,"v":1816,"T":1,"O":3,"M":2,"t":1770985111552,"i":"13369428887"},{"p":66971.2,"v":4004,"T":1,"O":1,"M":2,"t":1770985111422,"i":"13369428880"},{"p":66971.1,"v":4119,"T":1,"O":1,"M":2,"t":1770985111422,"i":"13369428879"},{"p":66971,"v":1072,"T":1,"O":1,"M":2,"t":1770985111422,"i":"13369428878"},{"p":66971,"v":1825,"T":1,"O":3,"M":2,"t":1770985111412,"i":"13369428877"},{"p":66971,"v":339,"T":1,"O":1,"M":2,"t":1770985111289,"i":"13369428860"},{"p":66970.4,"v":15,"T":1,"O":1,"M":2,"t":1770985111289,"i":"13369428859"},{"p":66970.5,"v":11,"T":2,"O":3,"M":1,"t":1770985111078,"i":"13369428800"},{"p":66971,"v":814,"T":1,"O":1,"M":2,"t":1770985110918,"i":"13369428781"},{"p":66970.4,"v":15,"T":1,"O":1,"M":2,"t":1770985110918,"i":"13369428780"},{"p":66970.4,"v":138,"T":1,"O":1,"M":2,"t":1770985110737,"i":"13369428768"}],"klines":{"1m":[{"ts":"2026-02-13T08:19:00Z","o":66222.6,"h":66305.9,"l":66213.3,"c":66298.3,"v":123336.0},{"ts":"2026-02-13T08:20:00Z","o":66298.3,"h":66302.1,"l":66250.0,"c":66250.1,"v":225845.0},{"ts":"2026-02-13T08:21:00Z","o":66250.1,"h":66374.9,"l":66241.8,"c":66373.3,"v":331847.0},{"ts":"2026-02-13T08:22:00Z","o":66373.3,"h":66391.7,"l":66329.9,"c":66333.8,"v":548485.0},{"ts":"2026-02-13T08:23:00Z","o":66333.8,"h":66347.1,"l":66315.5,"c":66340.0,"v":180042.0},{"ts":"2026-02-13T08:24:00Z","o":66340.0,"h":66340.1,"l":66263.5,"c":66263.6,"v":136129.0},{"ts":"2026-02-13T08:25:00Z","o":66263.6,"h":66412.5,"l":66263.6,"c":66389.7,"v":297616.0},{"ts":"2026-02-13T08:26:00Z","o":66389.7,"h":66389.7,"l":66353.8,"c":66374.4,"v":205372.0},{"ts":"2026-02-13T08:27:00Z","o":66374.4,"h":66380.0,"l":66356.8,"c":66365.5,"v":156289.0},{"ts":"2026-02-13T08:28:00Z","o":66365.5,"h":66392.0,"l":66365.4,"c":66387.4,"v":101817.0},{"ts":"2026-02-13T08:29:00Z","o":66387.4,"h":66405.2,"l":66376.2,"c":66382.8,"v":258984.0},{"ts":"2026-02-13T08:30:00Z","o":66382.8,"h":66382.9,"l":66349.4,"c":66354.4,"v":116589.0},{"ts":"2026-02-13T08:31:00Z","o":66354.4,"h":66408.9,"l":66341.4,"c":66399.2,"v":176561.0},{"ts":"2026-02-13T08:32:00Z","o":66399.2,"h":66440.2,"l":66384.1,"c":66391.3,"v":342359.0},{"ts":"2026-02-13T08:33:00Z","o":66391.3,"h":66433.0,"l":66388.0,"c":66419.0,"v":201015.0},{"ts":"2026-02-13T08:34:00Z","o":66419.0,"h":66440.0,"l":66413.3,"c":66430.1,"v":157176.0},{"ts":"2026-02-13T08:35:00Z","o":66430.1,"h":66460.1,"l":66400.1,"c":66460.1,"v":227797.0},{"ts":"2026-02-13T08:36:00Z","o":66460.1,"h":66475.2,"l":66445.4,"c":66474.9,"v":278120.0},{"ts":"2026-02-13T08:37:00Z","o":66474.9,"h":66511.1,"l":66425.0,"c":66425.0,"v":543676.0},{"ts":"2026-02-13T08:38:00Z","o":66425.0,"h":66431.2,"l":66405.4,"c":66415.2,"v":305432.0},{"ts":"2026-02-13T08:39:00Z","o":66415.2,"h":66416.6,"l":66390.6,"c":66397.3,"v":303626.0},{"ts":"2026-02-13T08:40:00Z","o":66397.3,"h":66447.9,"l":66397.3,"c":66408.2,"v":201810.0},{"ts":"2026-02-13T08:41:00Z","o":66408.2,"h":66436.5,"l":66402.6,"c":66407.0,"v":360782.0},{"ts":"2026-02-13T08:42:00Z","o":66407.0,"h":66407.0,"l":66369.1,"c":66391.7,"v":278904.0},{"ts":"2026-02-13T08:43:00Z","o":66391.7,"h":66444.2,"l":66391.6,"c":66444.1,"v":147897.0},{"ts":"2026-02-13T08:44:00Z","o":66444.1,"h":66477.0,"l":66443.9,"c":66477.0,"v":201839.0},{"ts":"2026-02-13T08:45:00Z","o":66477.0,"h":66580.0,"l":66476.9,"c":66550.2,"v":890257.0},{"ts":"2026-02-13T08:46:00Z","o":66550.2,"h":66570.8,"l":66525.4,"c":66549.4,"v":415065.0},{"ts":"2026-02-13T08:47:00Z","o":66549.4,"h":66664.9,"l":66536.9,"c":66660.5,"v":770340.0},{"ts":"2026-02-13T08:48:00Z","o":66660.5,"h":66723.0,"l":66644.6,"c":66681.0,"v":812392.0},{"ts":"2026-02-13T08:49:00Z","o":66681.0,"h":66692.9,"l":66631.9,"c":66631.9,"v":446198.0},{"ts":"2026-02-13T08:50:00Z","o":66631.9,"h":66632.0,"l":66595.6,"c":66596.0,"v":242122.0},{"ts":"2026-02-13T08:51:00Z","o":66596.0,"h":66620.0,"l":66575.8,"c":66619.7,"v":281636.0},{"ts":"2026-02-13T08:52:00Z","o":66619.7,"h":66638.0,"l":66579.4,"c":66592.9,"v":385089.0},{"ts":"2026-02-13T08:53:00Z","o":66592.9,"h":66666.0,"l":66592.3,"c":66664.2,"v":301137.0},{"ts":"2026-02-13T08:54:00Z","o":66664.2,"h":66676.9,"l":66604.9,"c":66652.5,"v":760224.0},{"ts":"2026-02-13T08:55:00Z","o":66652.5,"h":66656.0,"l":66555.2,"c":66561.8,"v":302765.0},{"ts":"2026-02-13T08:56:00Z","o":66561.8,"h":66623.6,"l":66561.8,"c":66620.1,"v":372366.0},{"ts":"2026-02-13T08:57:00Z","o":66620.1,"h":66620.1,"l":66583.5,"c":66599.8,"v":147979.0},{"ts":"2026-02-13T08:58:00Z","o":66599.8,"h":66660.7,"l":66587.4,"c":66621.2,"v":228646.0},{"ts":"2026-02-13T08:59:00Z","o":66621.2,"h":66676.1,"l":66621.2,"c":66674.8,"v":138139.0},{"ts":"2026-02-13T09:00:00Z","o":66674.8,"h":66674.8,"l":66640.5,"c":66670.0,"v":212743.0},{"ts":"2026-02-13T09:01:00Z","o":66670.0,"h":66697.5,"l":66628.8,"c":66647.5,"v":221172.0},{"ts":"2026-02-13T09:02:00Z","o":66647.5,"h":66654.7,"l":66586.3,"c":66586.3,"v":486913.0},{"ts":"2026-02-13T09:03:00Z","o":66586.3,"h":66634.1,"l":66580.0,"c":66634.1,"v":376308.0},{"ts":"2026-02-13T09:04:00Z","o":66634.1,"h":66671.2,"l":66631.0,"c":66631.0,"v":303327.0},{"ts":"2026-02-13T09:05:00Z","o":66631.0,"h":66697.6,"l":66621.0,"c":66621.0,"v":207674.0},{"ts":"2026-02-13T09:06:00Z","o":66621.0,"h":66646.6,"l":66599.7,"c":66646.5,"v":269642.0},{"ts":"2026-02-13T09:07:00Z","o":66646.5,"h":66740.4,"l":66640.7,"c":66720.0,"v":538228.0},{"ts":"2026-02-13T09:08:00Z","o":66720.0,"h":66735.1,"l":66686.7,"c":66697.0,"v":478525.0},{"ts":"2026-02-13T09:09:00Z","o":66697.0,"h":66767.4,"l":66697.0,"c":66748.9,"v":468346.0},{"ts":"2026-02-13T09:10:00Z","o":66748.9,"h":66793.1,"l":66714.0,"c":66759.9,"v":632548.0},{"ts":"2026-02-13T09:11:00Z","o":66759.9,"h":66772.1,"l":66732.6,"c":66753.7,"v":416498.0},{"ts":"2026-02-13T09:12:00Z","o":66753.7,"h":66830.9,"l":66751.2,"c":66763.7,"v":894776.0},{"ts":"2026-02-13T09:13:00Z","o":66763.7,"h":66763.8,"l":66621.0,"c":66641.2,"v":622397.0},{"ts":"2026-02-13T09:14:00Z","o":66641.2,"h":66672.0,"l":66641.2,"c":66653.5,"v":376760.0},{"ts":"2026-02-13T09:15:00Z","o":66653.5,"h":66682.0,"l":66647.0,"c":66670.2,"v":403506.0},{"ts":"2026-02-13T09:16:00Z","o":66670.2,"h":66760.0,"l":66670.2,"c":66697.7,"v":472245.0},{"ts":"2026-02-13T09:17:00Z","o":66697.7,"h":66697.7,"l":66632.4,"c":66639.9,"v":323240.0},{"ts":"2026-02-13T09:18:00Z","o":66639.9,"h":66655.2,"l":66606.0,"c":66651.3,"v":386763.0},{"ts":"2026-02-13T09:19:00Z","o":66651.3,"h":66695.3,"l":66636.5,"c":66695.3,"v":266665.0},{"ts":"2026-02-13T09:20:00Z","o":66695.3,"h":66695.3,"l":66645.6,"c":66666.0,"v":225432.0},{"ts":"2026-02-13T09:21:00Z","o":66666.0,"h":66735.0,"l":66659.2,"c":66734.9,"v":184482.0},{"ts":"2026-02-13T09:22:00Z","o":66734.9,"h":66741.2,"l":66666.9,"c":66681.9,"v":169034.0},{"ts":"2026-02-13T09:23:00Z","o":66681.9,"h":66749.0,"l":66654.0,"c":66748.9,"v":245841.0},{"ts":"2026-02-13T09:24:00Z","o":66748.9,"h":66809.8,"l":66733.8,"c":66761.5,"v":720328.0},{"ts":"2026-02-13T09:25:00Z","o":66761.5,"h":66761.5,"l":66717.5,"c":66717.6,"v":128936.0},{"ts":"2026-02-13T09:26:00Z","o":66717.6,"h":66739.2,"l":66687.1,"c":66739.1,"v":316664.0},{"ts":"2026-02-13T09:27:00Z","o":66739.1,"h":66743.8,"l":66723.6,"c":66740.7,"v":146908.0},{"ts":"2026-02-13T09:28:00Z","o":66740.7,"h":66761.6,"l":66730.8,"c":66761.6,"v":138227.0},{"ts":"2026-02-13T09:29:00Z","o":66761.6,"h":66790.2,"l":66750.1,"c":66790.1,"v":191261.0},{"ts":"2026-02-13T09:30:00Z","o":66790.1,"h":66790.1,"l":66743.2,"c":66749.4,"v":126447.0},{"ts":"2026-02-13T09:31:00Z","o":66749.4,"h":66797.0,"l":66749.4,"c":66784.3,"v":189938.0},{"ts":"2026-02-13T09:32:00Z","o":66784.3,"h":66843.8,"l":66765.9,"c":66818.7,"v":661263.0},{"ts":"2026-02-13T09:33:00Z","o":66818.7,"h":66875.7,"l":66802.9,"c":66863.4,"v":763644.0},{"ts":"2026-02-13T09:34:00Z","o":66863.4,"h":66875.1,"l":66825.7,"c":66873.1,"v":380781.0},{"ts":"2026-02-13T09:35:00Z","o":66873.1,"h":66873.1,"l":66829.7,"c":66837.5,"v":210741.0},{"ts":"2026-02-13T09:36:00Z","o":66837.5,"h":66882.1,"l":66837.5,"c":66882.1,"v":349319.0},{"ts":"2026-02-13T09:37:00Z","o":66882.1,"h":66911.2,"l":66794.6,"c":66817.4,"v":878995.0},{"ts":"2026-02-13T09:38:00Z","o":66817.4,"h":66845.7,"l":66789.9,"c":66792.9,"v":323880.0},{"ts":"2026-02-13T09:39:00Z","o":66792.9,"h":66848.1,"l":66792.8,"c":66820.5,"v":175304.0},{"ts":"2026-02-13T09:40:00Z","o":66820.5,"h":66829.9,"l":66772.3,"c":66784.5,"v":206051.0},{"ts":"2026-02-13T09:41:00Z","o":66784.5,"h":66840.5,"l":66784.5,"c":66824.7,"v":357521.0},{"ts":"2026-02-13T09:42:00Z","o":66824.7,"h":66875.1,"l":66824.6,"c":66868.7,"v":200015.0},{"ts":"2026-02-13T09:43:00Z","o":66868.7,"h":66874.2,"l":66834.8,"c":66847.3,"v":169589.0},{"ts":"2026-02-13T09:44:00Z","o":66847.3,"h":66875.0,"l":66803.4,"c":66822.6,"v":210129.0},{"ts":"2026-02-13T09:45:00Z","o":66822.6,"h":66887.8,"l":66821.2,"c":66887.7,"v":305753.0},{"ts":"2026-02-13T09:46:00Z","o":66887.7,"h":66948.9,"l":66887.7,"c":66948.8,"v":725760.0},{"ts":"2026-02-13T09:47:00Z","o":66948.8,"h":66986.0,"l":66921.7,"c":66978.1,"v":693451.0},{"ts":"2026-02-13T09:48:00Z","o":66978.1,"h":67041.7,"l":66963.6,"c":66964.9,"v":1207107.0},{"ts":"2026-02-13T09:49:00Z","o":66964.9,"h":67004.0,"l":66951.4,"c":66974.1,"v":313272.0},{"ts":"2026-02-13T09:50:00Z","o":66974.1,"h":66974.9,"l":66937.5,"c":66940.1,"v":323703.0},{"ts":"2026-02-13T09:51:00Z","o":66940.1,"h":66998.1,"l":66936.9,"c":66970.9,"v":419067.0},{"ts":"2026-02-13T09:52:00Z","o":66970.9,"h":66975.7,"l":66907.9,"c":66940.0,"v":393455.0},{"ts":"2026-02-13T09:53:00Z","o":66940.0,"h":66961.8,"l":66916.3,"c":66950.0,"v":229619.0},{"ts":"2026-02-13T09:54:00Z","o":66950.0,"h":66977.1,"l":66928.1,"c":66928.2,"v":121853.0},{"ts":"2026-02-13T09:55:00Z","o":66928.2,"h":66957.1,"l":66917.8,"c":66931.0,"v":260310.0},{"ts":"2026-02-13T09:56:00Z","o":66931.0,"h":66933.2,"l":66908.0,"c":66915.1,"v":203976.0},{"ts":"2026-02-13T09:57:00Z","o":66915.1,"h":66937.0,"l":66915.1,"c":66923.1,"v":160574.0},{"ts":"2026-02-13T09:58:00Z","o":66923.1,"h":66926.9,"l":66891.1,"c":66902.2,"v":200341.0},{"ts":"2026-02-13T09:59:00Z","o":66902.2,"h":66940.3,"l":66902.2,"c":66924.3,"v":127420.0},{"ts":"2026-02-13T10:00:00Z","o":66924.3,"h":66936.0,"l":66904.6,"c":66933.1,"v":149171.0},{"ts":"2026-02-13T10:01:00Z","o":66933.1,"h":66933.1,"l":66833.6,"c":66846.5,"v":450939.0},{"ts":"2026-02-13T10:02:00Z","o":66846.5,"h":66891.5,"l":66846.2,"c":66885.7,"v":257075.0},{"ts":"2026-02-13T10:03:00Z","o":66885.7,"h":66888.4,"l":66862.5,"c":66888.3,"v":160111.0},{"ts":"2026-02-13T10:04:00Z","o":66888.3,"h":66900.0,"l":66818.2,"c":66823.3,"v":406107.0},{"ts":"2026-02-13T10:05:00Z","o":66823.3,"h":66836.8,"l":66801.8,"c":66801.8,"v":405076.0},{"ts":"2026-02-13T10:06:00Z","o":66801.8,"h":66832.8,"l":66789.7,"c":66832.8,"v":1521486.0},{"ts":"2026-02-13T10:07:00Z","o":66832.8,"h":66880.7,"l":66818.3,"c":66818.3,"v":848047.0},{"ts":"2026-02-13T10:08:00Z","o":66818.3,"h":66830.2,"l":66799.8,"c":66805.5,"v":166758.0},{"ts":"2026-02-13T10:09:00Z","o":66805.5,"h":66830.0,"l":66795.0,"c":66800.0,"v":127855.0},{"ts":"2026-02-13T10:10:00Z","o":66800.0,"h":66841.5,"l":66800.0,"c":66816.0,"v":80957.0},{"ts":"2026-02-13T10:11:00Z","o":66816.0,"h":66872.0,"l":66815.9,"c":66871.9,"v":237558.0},{"ts":"2026-02-13T10:12:00Z","o":66871.9,"h":66879.2,"l":66850.0,"c":66865.0,"v":338369.0},{"ts":"2026-02-13T10:13:00Z","o":66865.0,"h":66870.0,"l":66821.0,"c":66823.9,"v":168787.0},{"ts":"2026-02-13T10:14:00Z","o":66823.9,"h":66875.4,"l":66813.8,"c":66873.3,"v":140526.0},{"ts":"2026-02-13T10:15:00Z","o":66873.3,"h":66914.0,"l":66860.0,"c":66914.0,"v":248275.0},{"ts":"2026-02-13T10:16:00Z","o":66914.0,"h":66934.5,"l":66891.4,"c":66934.5,"v":354690.0},{"ts":"2026-02-13T10:17:00Z","o":66934.5,"h":66934.5,"l":66895.2,"c":66928.7,"v":227037.0},{"ts":"2026-02-13T10:18:00Z","o":66928.7,"h":66991.6,"l":66927.9,"c":66989.4,"v":434754.0},{"ts":"2026-02-13T10:19:00Z","o":66989.4,"h":67064.0,"l":66966.1,"c":66970.2,"v":907209.0},{"ts":"2026-02-13T10:20:00Z","o":66970.2,"h":66970.3,"l":66882.4,"c":66899.8,"v":409983.0},{"ts":"2026-02-13T10:21:00Z","o":66899.8,"h":66899.8,"l":66857.3,"c":66875.5,"v":467725.0},{"ts":"2026-02-13T10:22:00Z","o":66875.5,"h":66877.8,"l":66847.9,"c":66847.9,"v":266173.0},{"ts":"2026-02-13T10:23:00Z","o":66847.9,"h":66849.3,"l":66793.8,"c":66797.4,"v":245224.0},{"ts":"2026-02-13T10:24:00Z","o":66797.4,"h":66802.1,"l":66765.5,"c":66797.0,"v":438835.0},{"ts":"2026-02-13T10:25:00Z","o":66797.0,"h":66828.4,"l":66788.6,"c":66828.1,"v":338075.0},{"ts":"2026-02-13T10:26:00Z","o":66828.1,"h":66849.9,"l":66821.8,"c":66844.3,"v":396742.0},{"ts":"2026-02-13T10:27:00Z","o":66844.3,"h":66854.5,"l":66836.9,"c":66844.6,"v":187076.0},{"ts":"2026-02-13T10:28:00Z","o":66844.6,"h":66871.9,"l":66841.4,"c":66843.4,"v":132386.0},{"ts":"2026-02-13T10:29:00Z","o":66843.4,"h":66888.0,"l":66843.3,"c":66882.0,"v":194973.0},{"ts":"2026-02-13T10:30:00Z","o":66882.0,"h":66914.9,"l":66872.4,"c":66882.0,"v":254839.0},{"ts":"2026-02-13T10:31:00Z","o":66882.0,"h":66900.1,"l":66822.7,"c":66840.9,"v":399187.0},{"ts":"2026-02-13T10:32:00Z","o":66840.9,"h":66850.0,"l":66810.0,"c":66826.8,"v":163690.0},{"ts":"2026-02-13T10:33:00Z","o":66826.8,"h":66910.8,"l":66824.1,"c":66908.1,"v":262199.0},{"ts":"2026-02-13T10:34:00Z","o":66908.1,"h":66988.0,"l":66908.1,"c":66940.4,"v":603146.0},{"ts":"2026-02-13T10:35:00Z","o":66940.4,"h":66967.9,"l":66931.1,"c":66965.1,"v":630306.0},{"ts":"2026-02-13T10:36:00Z","o":66965.1,"h":66965.1,"l":66914.7,"c":66952.5,"v":277217.0},{"ts":"2026-02-13T10:37:00Z","o":66952.5,"h":67006.7,"l":66946.7,"c":66992.4,"v":276743.0},{"ts":"2026-02-13T10:38:00Z","o":66992.4,"h":67016.2,"l":66972.3,"c":66972.3,"v":539717.0},{"ts":"2026-02-13T10:39:00Z","o":66972.3,"h":66985.1,"l":66916.5,"c":66917.2,"v":1043081.0},{"ts":"2026-02-13T10:40:00Z","o":66917.2,"h":66950.9,"l":66907.9,"c":66950.9,"v":290000.0},{"ts":"2026-02-13T10:41:00Z","o":66950.9,"h":67020.1,"l":66950.8,"c":67013.1,"v":395382.0},{"ts":"2026-02-13T10:42:00Z","o":67013.1,"h":67034.4,"l":66991.5,"c":67029.7,"v":421729.0},{"ts":"2026-02-13T10:43:00Z","o":67029.7,"h":67086.5,"l":67013.2,"c":67036.5,"v":770729.0},{"ts":"2026-02-13T10:44:00Z","o":67036.5,"h":67036.5,"l":66973.2,"c":66993.2,"v":445428.0},{"ts":"2026-02-13T10:45:00Z","o":66993.2,"h":67010.0,"l":66954.0,"c":66954.3,"v":454433.0},{"ts":"2026-02-13T10:46:00Z","o":66954.3,"h":67003.8,"l":66933.9,"c":66998.2,"v":338307.0},{"ts":"2026-02-13T10:47:00Z","o":66998.2,"h":67022.0,"l":66970.2,"c":67000.6,"v":197041.0},{"ts":"2026-02-13T10:48:00Z","o":67000.6,"h":67000.6,"l":66940.0,"c":66960.5,"v":302772.0},{"ts":"2026-02-13T10:49:00Z","o":66960.5,"h":67000.1,"l":66960.5,"c":66999.9,"v":160847.0},{"ts":"2026-02-13T10:50:00Z","o":66999.9,"h":66999.9,"l":66946.6,"c":66963.2,"v":216810.0},{"ts":"2026-02-13T10:51:00Z","o":66963.2,"h":67034.5,"l":66963.2,"c":67016.0,"v":303520.0},{"ts":"2026-02-13T10:52:00Z","o":67016.0,"h":67016.0,"l":66947.3,"c":66997.6,"v":177547.0},{"ts":"2026-02-13T10:53:00Z","o":66997.6,"h":67058.4,"l":66997.6,"c":67047.2,"v":346963.0},{"ts":"2026-02-13T10:54:00Z","o":67047.2,"h":67047.2,"l":67000.5,"c":67000.6,"v":173385.0},{"ts":"2026-02-13T10:55:00Z","o":67000.6,"h":67023.0,"l":66992.7,"c":66994.2,"v":159580.0},{"ts":"2026-02-13T10:56:00Z","o":66994.2,"h":67022.6,"l":66975.8,"c":66975.8,"v":212459.0},{"ts":"2026-02-13T10:57:00Z","o":66975.8,"h":67006.5,"l":66960.0,"c":66968.8,"v":171883.0},{"ts":"2026-02-13T10:58:00Z","o":66968.8,"h":66985.0,"l":66937.5,"c":66937.5,"v":235193.0},{"ts":"2026-02-13T10:59:00Z","o":66937.5,"h":66959.7,"l":66937.5,"c":66940.0,"v":212394.0},{"ts":"2026-02-13T11:00:00Z","o":66940.0,"h":66949.4,"l":66907.7,"c":66907.7,"v":272377.0},{"ts":"2026-02-13T11:01:00Z","o":66907.7,"h":66912.8,"l":66819.7,"c":66824.1,"v":736997.0},{"ts":"2026-02-13T11:02:00Z","o":66824.1,"h":66886.4,"l":66824.1,"c":66861.9,"v":406130.0},{"ts":"2026-02-13T11:03:00Z","o":66861.9,"h":66884.0,"l":66828.2,"c":66828.2,"v":221287.0},{"ts":"2026-02-13T11:04:00Z","o":66828.2,"h":66901.2,"l":66819.5,"c":66899.6,"v":366318.0},{"ts":"2026-02-13T11:05:00Z","o":66899.6,"h":66943.9,"l":66899.5,"c":66923.7,"v":357475.0},{"ts":"2026-02-13T11:06:00Z","o":66923.7,"h":66956.0,"l":66923.7,"c":66955.9,"v":292457.0},{"ts":"2026-02-13T11:07:00Z","o":66955.9,"h":66999.9,"l":66950.9,"c":66951.1,"v":224063.0},{"ts":"2026-02-13T11:08:00Z","o":66951.1,"h":66957.6,"l":66857.0,"c":66865.0,"v":344002.0},{"ts":"2026-02-13T11:09:00Z","o":66865.0,"h":66900.0,"l":66865.0,"c":66880.0,"v":176613.0},{"ts":"2026-02-13T11:10:00Z","o":66880.0,"h":66895.3,"l":66835.9,"c":66840.0,"v":247203.0},{"ts":"2026-02-13T11:11:00Z","o":66840.0,"h":66840.0,"l":66810.6,"c":66829.9,"v":418797.0},{"ts":"2026-02-13T11:12:00Z","o":66829.9,"h":66854.3,"l":66809.1,"c":66809.5,"v":209954.0},{"ts":"2026-02-13T11:13:00Z","o":66809.5,"h":66861.1,"l":66809.5,"c":66830.0,"v":237820.0},{"ts":"2026-02-13T11:14:00Z","o":66830.0,"h":66856.0,"l":66827.5,"c":66849.9,"v":138627.0},{"ts":"2026-02-13T11:15:00Z","o":66849.9,"h":66895.2,"l":66845.2,"c":66870.8,"v":327595.0},{"ts":"2026-02-13T11:16:00Z","o":66870.8,"h":66898.3,"l":66870.0,"c":66881.3,"v":255588.0},{"ts":"2026-02-13T11:17:00Z","o":66881.3,"h":66900.0,"l":66849.4,"c":66854.0,"v":244102.0},{"ts":"2026-02-13T11:18:00Z","o":66854.0,"h":66873.7,"l":66827.5,"c":66873.7,"v":189981.0},{"ts":"2026-02-13T11:19:00Z","o":66873.7,"h":66911.5,"l":66873.6,"c":66900.1,"v":247085.0},{"ts":"2026-02-13T11:20:00Z","o":66900.1,"h":66937.8,"l":66893.9,"c":66915.1,"v":307940.0},{"ts":"2026-02-13T11:21:00Z","o":66915.1,"h":66925.6,"l":66883.4,"c":66918.4,"v":90325.0},{"ts":"2026-02-13T11:22:00Z","o":66918.4,"h":66920.1,"l":66849.8,"c":66881.4,"v":347929.0},{"ts":"2026-02-13T11:23:00Z","o":66881.4,"h":66908.9,"l":66881.3,"c":66883.3,"v":118950.0},{"ts":"2026-02-13T11:24:00Z","o":66883.3,"h":66889.7,"l":66849.1,"c":66859.1,"v":310759.0},{"ts":"2026-02-13T11:25:00Z","o":66859.1,"h":66909.7,"l":66856.3,"c":66895.3,"v":114437.0},{"ts":"2026-02-13T11:26:00Z","o":66895.3,"h":66925.5,"l":66884.4,"c":66925.5,"v":113237.0},{"ts":"2026-02-13T11:27:00Z","o":66925.5,"h":66968.5,"l":66914.0,"c":66935.9,"v":260339.0},{"ts":"2026-02-13T11:28:00Z","o":66935.9,"h":66978.3,"l":66923.3,"c":66977.4,"v":485156.0},{"ts":"2026-02-13T11:29:00Z","o":66977.4,"h":66977.4,"l":66926.4,"c":66944.6,"v":238735.0},{"ts":"2026-02-13T11:30:00Z","o":66944.6,"h":66965.6,"l":66902.4,"c":66902.4,"v":210681.0},{"ts":"2026-02-13T11:31:00Z","o":66902.4,"h":66902.4,"l":66782.8,"c":66824.4,"v":671489.0},{"ts":"2026-02-13T11:32:00Z","o":66824.4,"h":66842.8,"l":66760.7,"c":66774.2,"v":522444.0},{"ts":"2026-02-13T11:33:00Z","o":66774.2,"h":66814.2,"l":66749.1,"c":66771.2,"v":713586.0},{"ts":"2026-02-13T11:34:00Z","o":66771.2,"h":66823.8,"l":66768.0,"c":66818.8,"v":259506.0},{"ts":"2026-02-13T11:35:00Z","o":66818.8,"h":66867.3,"l":66791.0,"c":66863.0,"v":258612.0},{"ts":"2026-02-13T11:36:00Z","o":66863.0,"h":66875.4,"l":66835.2,"c":66838.9,"v":161172.0},{"ts":"2026-02-13T11:37:00Z","o":66838.9,"h":66880.0,"l":66834.9,"c":66839.9,"v":107842.0},{"ts":"2026-02-13T11:38:00Z","o":66839.9,"h":66969.6,"l":66839.9,"c":66938.4,"v":395812.0},{"ts":"2026-02-13T11:39:00Z","o":66938.4,"h":66938.4,"l":66883.6,"c":66914.7,"v":188058.0},{"ts":"2026-02-13T11:40:00Z","o":66914.7,"h":66924.0,"l":66898.4,"c":66910.2,"v":120738.0},{"ts":"2026-02-13T11:41:00Z","o":66910.2,"h":66944.0,"l":66898.3,"c":66940.7,"v":132580.0},{"ts":"2026-02-13T11:42:00Z","o":66940.7,"h":66993.5,"l":66940.7,"c":66961.9,"v":492992.0},{"ts":"2026-02-13T11:43:00Z","o":66961.9,"h":66978.4,"l":66944.2,"c":66960.0,"v":157454.0},{"ts":"2026-02-13T11:44:00Z","o":66960.0,"h":66964.3,"l":66916.7,"c":66962.0,"v":194533.0},{"ts":"2026-02-13T11:45:00Z","o":66962.0,"h":66971.7,"l":66931.3,"c":66943.4,"v":144323.0},{"ts":"2026-02-13T11:46:00Z","o":66943.4,"h":67014.7,"l":66930.3,"c":66982.9,"v":403077.0},{"ts":"2026-02-13T11:47:00Z","o":66982.9,"h":67008.0,"l":66966.3,"c":66994.5,"v":395455.0},{"ts":"2026-02-13T11:48:00Z","o":66994.5,"h":67005.3,"l":66956.8,"c":66956.8,"v":237767.0},{"ts":"2026-02-13T11:49:00Z","o":66956.8,"h":66983.9,"l":66934.9,"c":66976.7,"v":301999.0},{"ts":"2026-02-13T11:50:00Z","o":66976.7,"h":66999.2,"l":66971.1,"c":66992.9,"v":121950.0},{"ts":"2026-02-13T11:51:00Z","o":66992.9,"h":67002.5,"l":66970.1,"c":66979.9,"v":106723.0},{"ts":"2026-02-13T11:52:00Z","o":66979.9,"h":67015.0,"l":66968.5,"c":66989.6,"v":178471.0},{"ts":"2026-02-13T11:53:00Z","o":66989.6,"h":67034.2,"l":66984.6,"c":67031.2,"v":190353.0},{"ts":"2026-02-13T11:54:00Z","o":67031.2,"h":67034.1,"l":66992.3,"c":67024.6,"v":188856.0},{"ts":"2026-02-13T11:55:00Z","o":67024.6,"h":67167.7,"l":67004.4,"c":67115.6,"v":1376288.0},{"ts":"2026-02-13T11:56:00Z","o":67115.6,"h":67168.6,"l":67112.9,"c":67160.0,"v":525902.0},{"ts":"2026-02-13T11:57:00Z","o":67160.0,"h":67195.4,"l":67128.0,"c":67138.5,"v":657697.0},{"ts":"2026-02-13T11:58:00Z","o":67138.5,"h":67176.0,"l":67131.3,"c":67160.8,"v":268048.0},{"ts":"2026-02-13T11:59:00Z","o":67160.8,"h":67160.8,"l":67124.1,"c":67137.4,"v":226926.0},{"ts":"2026-02-13T12:00:00Z","o":67137.4,"h":67143.2,"l":67081.9,"c":67128.8,"v":444319.0},{"ts":"2026-02-13T12:01:00Z","o":67128.8,"h":67128.9,"l":67075.4,"c":67087.2,"v":224059.0},{"ts":"2026-02-13T12:02:00Z","o":67087.2,"h":67130.8,"l":67054.9,"c":67081.2,"v":330737.0},{"ts":"2026-02-13T12:03:00Z","o":67081.2,"h":67081.2,"l":66978.4,"c":67004.9,"v":827271.0},{"ts":"2026-02-13T12:04:00Z","o":67004.9,"h":67005.0,"l":66974.6,"c":66987.3,"v":325108.0},{"ts":"2026-02-13T12:05:00Z","o":66987.3,"h":67000.0,"l":66912.0,"c":66941.1,"v":514431.0},{"ts":"2026-02-13T12:06:00Z","o":66941.1,"h":66966.6,"l":66923.9,"c":66950.0,"v":344234.0},{"ts":"2026-02-13T12:07:00Z","o":66950.0,"h":66956.8,"l":66923.8,"c":66948.7,"v":233106.0},{"ts":"2026-02-13T12:08:00Z","o":66948.7,"h":67008.0,"l":66933.9,"c":66979.0,"v":320016.0},{"ts":"2026-02-13T12:09:00Z","o":66979.0,"h":67022.6,"l":66970.2,"c":67004.1,"v":400087.0},{"ts":"2026-02-13T12:10:00Z","o":67004.1,"h":67007.0,"l":66980.9,"c":67006.9,"v":131856.0},{"ts":"2026-02-13T12:11:00Z","o":67006.9,"h":67012.0,"l":66961.0,"c":66961.2,"v":179473.0},{"ts":"2026-02-13T12:12:00Z","o":66961.2,"h":67055.9,"l":66961.2,"c":67043.8,"v":206579.0},{"ts":"2026-02-13T12:13:00Z","o":67043.8,"h":67049.0,"l":66978.3,"c":66990.8,"v":369604.0},{"ts":"2026-02-13T12:14:00Z","o":66990.8,"h":67004.0,"l":66944.7,"c":66951.7,"v":276511.0},{"ts":"2026-02-13T12:15:00Z","o":66951.7,"h":66958.1,"l":66930.0,"c":66930.0,"v":218943.0},{"ts":"2026-02-13T12:16:00Z","o":66930.0,"h":66933.9,"l":66891.6,"c":66891.7,"v":450450.0},{"ts":"2026-02-13T12:17:00Z","o":66891.7,"h":66925.1,"l":66887.0,"c":66915.3,"v":247253.0},{"ts":"2026-02-13T12:18:00Z","o":66915.3,"h":66980.0,"l":66915.3,"c":66979.9,"v":266382.0}],"5m":[{"ts":"2026-02-13T02:20:00Z","o":66445.0,"h":66501.0,"l":66353.8,"c":66495.9,"v":674860.0},{"ts":"2026-02-13T02:25:00Z","o":66495.9,"h":66622.9,"l":66494.5,"c":66494.5,"v":1833307.0},{"ts":"2026-02-13T02:30:00Z","o":66494.5,"h":66600.0,"l":66467.2,"c":66562.1,"v":700918.0},{"ts":"2026-02-13T02:35:00Z","o":66562.1,"h":66583.7,"l":66451.1,"c":66472.3,"v":719603.0},{"ts":"2026-02-13T02:40:00Z","o":66472.3,"h":66595.4,"l":66428.5,"c":66555.1,"v":894792.0},{"ts":"2026-02-13T02:45:00Z","o":66555.1,"h":66600.0,"l":66510.8,"c":66510.8,"v":971364.0},{"ts":"2026-02-13T02:50:00Z","o":66510.8,"h":66686.8,"l":66510.8,"c":66652.0,"v":1408797.0},{"ts":"2026-02-13T02:55:00Z","o":66652.0,"h":66727.2,"l":66623.4,"c":66628.0,"v":930070.0},{"ts":"2026-02-13T03:00:00Z","o":66628.0,"h":66741.6,"l":66622.1,"c":66680.1,"v":1746487.0},{"ts":"2026-02-13T03:05:00Z","o":66680.1,"h":66680.1,"l":66464.0,"c":66523.5,"v":2045741.0},{"ts":"2026-02-13T03:10:00Z","o":66523.5,"h":66549.6,"l":66481.5,"c":66481.5,"v":498949.0},{"ts":"2026-02-13T03:15:00Z","o":66481.5,"h":66570.3,"l":66453.5,"c":66565.6,"v":1067146.0},{"ts":"2026-02-13T03:20:00Z","o":66565.6,"h":66573.9,"l":66511.4,"c":66524.6,"v":333832.0},{"ts":"2026-02-13T03:25:00Z","o":66524.6,"h":66647.0,"l":66524.6,"c":66647.0,"v":914631.0},{"ts":"2026-02-13T03:30:00Z","o":66647.0,"h":66778.0,"l":66610.1,"c":66610.1,"v":1346889.0},{"ts":"2026-02-13T03:35:00Z","o":66610.1,"h":66672.7,"l":66585.3,"c":66672.6,"v":949785.0},{"ts":"2026-02-13T03:40:00Z","o":66672.6,"h":66698.4,"l":66608.4,"c":66608.4,"v":592588.0},{"ts":"2026-02-13T03:45:00Z","o":66608.4,"h":66641.5,"l":66489.0,"c":66504.0,"v":1205594.0},{"ts":"2026-02-13T03:50:00Z","o":66504.0,"h":66537.7,"l":66422.9,"c":66537.4,"v":1346260.0},{"ts":"2026-02-13T03:55:00Z","o":66537.4,"h":66537.4,"l":66430.0,"c":66519.6,"v":785567.0},{"ts":"2026-02-13T04:00:00Z","o":66519.6,"h":66562.0,"l":66443.2,"c":66447.1,"v":1236871.0},{"ts":"2026-02-13T04:05:00Z","o":66447.1,"h":66496.0,"l":66399.2,"c":66484.2,"v":1289438.0},{"ts":"2026-02-13T04:10:00Z","o":66484.2,"h":66508.4,"l":66409.2,"c":66504.9,"v":461326.0},{"ts":"2026-02-13T04:15:00Z","o":66504.9,"h":66643.9,"l":66465.1,"c":66610.1,"v":1199151.0},{"ts":"2026-02-13T04:20:00Z","o":66610.1,"h":66612.8,"l":66420.0,"c":66474.9,"v":1707625.0},{"ts":"2026-02-13T04:25:00Z","o":66474.9,"h":66491.4,"l":66418.6,"c":66418.6,"v":826827.0},{"ts":"2026-02-13T04:30:00Z","o":66418.6,"h":66424.7,"l":66350.0,"c":66391.0,"v":1384075.0},{"ts":"2026-02-13T04:35:00Z","o":66391.0,"h":66444.1,"l":66375.7,"c":66405.0,"v":588031.0},{"ts":"2026-02-13T04:40:00Z","o":66405.0,"h":66407.6,"l":66311.0,"c":66334.6,"v":950333.0},{"ts":"2026-02-13T04:45:00Z","o":66334.6,"h":66343.9,"l":66273.4,"c":66307.2,"v":1122943.0},{"ts":"2026-02-13T04:50:00Z","o":66307.2,"h":66387.6,"l":66307.1,"c":66386.0,"v":808636.0},{"ts":"2026-02-13T04:55:00Z","o":66386.0,"h":66413.8,"l":66280.1,"c":66300.0,"v":973948.0},{"ts":"2026-02-13T05:00:00Z","o":66300.0,"h":66424.5,"l":66291.2,"c":66376.0,"v":997776.0},{"ts":"2026-02-13T05:05:00Z","o":66376.0,"h":66407.4,"l":66190.5,"c":66250.0,"v":1419276.0},{"ts":"2026-02-13T05:10:00Z","o":66250.0,"h":66300.0,"l":66211.1,"c":66211.1,"v":910870.0},{"ts":"2026-02-13T05:15:00Z","o":66211.1,"h":66305.0,"l":66194.4,"c":66304.9,"v":721549.0},{"ts":"2026-02-13T05:20:00Z","o":66304.9,"h":66374.7,"l":66267.2,"c":66267.2,"v":531743.0},{"ts":"2026-02-13T05:25:00Z","o":66267.2,"h":66337.2,"l":66223.6,"c":66292.1,"v":510854.0},{"ts":"2026-02-13T05:30:00Z","o":66292.1,"h":66388.1,"l":66278.0,"c":66368.0,"v":790827.0},{"ts":"2026-02-13T05:35:00Z","o":66368.0,"h":66438.8,"l":66336.6,"c":66388.8,"v":1220843.0},{"ts":"2026-02-13T05:40:00Z","o":66388.8,"h":66444.0,"l":66318.4,"c":66438.0,"v":1026293.0},{"ts":"2026-02-13T05:45:00Z","o":66438.0,"h":66474.4,"l":66399.5,"c":66455.6,"v":807037.0},{"ts":"2026-02-13T05:50:00Z","o":66455.6,"h":66455.6,"l":66336.9,"c":66346.7,"v":543178.0},{"ts":"2026-02-13T05:55:00Z","o":66346.7,"h":66346.7,"l":66151.1,"c":66151.3,"v":1623255.0},{"ts":"2026-02-13T06:00:00Z","o":66151.3,"h":66245.7,"l":66135.1,"c":66204.3,"v":1355361.0},{"ts":"2026-02-13T06:05:00Z","o":66204.3,"h":66259.5,"l":66184.4,"c":66222.2,"v":536208.0},{"ts":"2026-02-13T06:10:00Z","o":66222.2,"h":66279.9,"l":66202.0,"c":66202.7,"v":552345.0},{"ts":"2026-02-13T06:15:00Z","o":66202.7,"h":66268.0,"l":66173.2,"c":66173.2,"v":821021.0},{"ts":"2026-02-13T06:20:00Z","o":66173.2,"h":66227.0,"l":66010.0,"c":66071.5,"v":1747988.0},{"ts":"2026-02-13T06:25:00Z","o":66071.5,"h":66095.7,"l":66018.5,"c":66093.5,"v":1061446.0},{"ts":"2026-02-13T06:30:00Z","o":66093.5,"h":66093.5,"l":65973.7,"c":66045.4,"v":1319991.0},{"ts":"2026-02-13T06:35:00Z","o":66045.4,"h":66095.5,"l":66012.0,"c":66017.6,"v":700281.0},{"ts":"2026-02-13T06:40:00Z","o":66017.6,"h":66084.9,"l":66017.6,"c":66059.3,"v":722952.0},{"ts":"2026-02-13T06:45:00Z","o":66059.3,"h":66105.5,"l":66020.2,"c":66050.0,"v":1292008.0},{"ts":"2026-02-13T06:50:00Z","o":66050.0,"h":66200.8,"l":66050.0,"c":66191.0,"v":1507139.0},{"ts":"2026-02-13T06:55:00Z","o":66191.0,"h":66367.5,"l":66172.7,"c":66330.4,"v":1649428.0},{"ts":"2026-02-13T07:00:00Z","o":66330.4,"h":66450.0,"l":66304.4,"c":66426.2,"v":1232009.0},{"ts":"2026-02-13T07:05:00Z","o":66426.2,"h":66445.0,"l":66338.0,"c":66350.0,"v":1129413.0},{"ts":"2026-02-13T07:10:00Z","o":66350.0,"h":66543.2,"l":66350.0,"c":66497.5,"v":2007148.0},{"ts":"2026-02-13T07:15:00Z","o":66497.5,"h":66540.1,"l":66409.7,"c":66429.9,"v":1106350.0},{"ts":"2026-02-13T07:20:00Z","o":66429.9,"h":66470.0,"l":66385.8,"c":66469.3,"v":1179858.0},{"ts":"2026-02-13T07:25:00Z","o":66469.3,"h":66491.1,"l":66399.3,"c":66490.0,"v":825488.0},{"ts":"2026-02-13T07:30:00Z","o":66490.0,"h":66490.0,"l":66288.6,"c":66320.9,"v":1313990.0},{"ts":"2026-02-13T07:35:00Z","o":66320.9,"h":66337.9,"l":66149.8,"c":66200.3,"v":1847429.0},{"ts":"2026-02-13T07:40:00Z","o":66200.3,"h":66200.3,"l":66093.8,"c":66094.0,"v":1685936.0},{"ts":"2026-02-13T07:45:00Z","o":66094.0,"h":66137.9,"l":66040.9,"c":66118.3,"v":1584807.0},{"ts":"2026-02-13T07:50:00Z","o":66118.3,"h":66278.8,"l":66018.0,"c":66278.8,"v":1678001.0},{"ts":"2026-02-13T07:55:00Z","o":66278.8,"h":66300.0,"l":66132.0,"c":66183.2,"v":1942851.0},{"ts":"2026-02-13T08:00:00Z","o":66183.2,"h":66336.6,"l":66159.9,"c":66312.0,"v":1684090.0},{"ts":"2026-02-13T08:05:00Z","o":66312.0,"h":66459.6,"l":66252.8,"c":66258.1,"v":1895186.0},{"ts":"2026-02-13T08:10:00Z","o":66258.1,"h":66328.0,"l":66230.9,"c":66232.1,"v":625622.0},{"ts":"2026-02-13T08:15:00Z","o":66232.1,"h":66305.9,"l":66185.8,"c":66298.3,"v":1008404.0},{"ts":"2026-02-13T08:20:00Z","o":66298.3,"h":66391.7,"l":66241.8,"c":66263.6,"v":1422348.0},{"ts":"2026-02-13T08:25:00Z","o":66263.6,"h":66412.5,"l":66263.6,"c":66382.8,"v":1020078.0},{"ts":"2026-02-13T08:30:00Z","o":66382.8,"h":66440.2,"l":66341.4,"c":66430.1,"v":993700.0},{"ts":"2026-02-13T08:35:00Z","o":66430.1,"h":66511.1,"l":66390.6,"c":66397.3,"v":1658651.0},{"ts":"2026-02-13T08:40:00Z","o":66397.3,"h":66477.0,"l":66369.1,"c":66477.0,"v":1191232.0},{"ts":"2026-02-13T08:45:00Z","o":66477.0,"h":66723.0,"l":66476.9,"c":66631.9,"v":3334252.0},{"ts":"2026-02-13T08:50:00Z","o":66631.9,"h":66676.9,"l":66575.8,"c":66652.5,"v":1970208.0},{"ts":"2026-02-13T08:55:00Z","o":66652.5,"h":66676.1,"l":66555.2,"c":66674.8,"v":1189895.0},{"ts":"2026-02-13T09:00:00Z","o":66674.8,"h":66697.5,"l":66580.0,"c":66631.0,"v":1600463.0},{"ts":"2026-02-13T09:05:00Z","o":66631.0,"h":66767.4,"l":66599.7,"c":66748.9,"v":1962415.0},{"ts":"2026-02-13T09:10:00Z","o":66748.9,"h":66830.9,"l":66621.0,"c":66653.5,"v":2942979.0},{"ts":"2026-02-13T09:15:00Z","o":66653.5,"h":66760.0,"l":66606.0,"c":66695.3,"v":1852419.0},{"ts":"2026-02-13T09:20:00Z","o":66695.3,"h":66809.8,"l":66645.6,"c":66761.5,"v":1545117.0},{"ts":"2026-02-13T09:25:00Z","o":66761.5,"h":66790.2,"l":66687.1,"c":66790.1,"v":921996.0},{"ts":"2026-02-13T09:30:00Z","o":66790.1,"h":66875.7,"l":66743.2,"c":66873.1,"v":2122073.0},{"ts":"2026-02-13T09:35:00Z","o":66873.1,"h":66911.2,"l":66789.9,"c":66820.5,"v":1938239.0},{"ts":"2026-02-13T09:40:00Z","o":66820.5,"h":66875.1,"l":66772.3,"c":66822.6,"v":1143305.0},{"ts":"2026-02-13T09:45:00Z","o":66822.6,"h":67041.7,"l":66821.2,"c":66974.1,"v":3245343.0},{"ts":"2026-02-13T09:50:00Z","o":66974.1,"h":66998.1,"l":66907.9,"c":66928.2,"v":1487697.0},{"ts":"2026-02-13T09:55:00Z","o":66928.2,"h":66957.1,"l":66891.1,"c":66924.3,"v":952621.0},{"ts":"2026-02-13T10:00:00Z","o":66924.3,"h":66936.0,"l":66818.2,"c":66823.3,"v":1423403.0},{"ts":"2026-02-13T10:05:00Z","o":66823.3,"h":66880.7,"l":66789.7,"c":66800.0,"v":3069222.0},{"ts":"2026-02-13T10:10:00Z","o":66800.0,"h":66879.2,"l":66800.0,"c":66873.3,"v":966197.0},{"ts":"2026-02-13T10:15:00Z","o":66873.3,"h":67064.0,"l":66860.0,"c":66970.2,"v":2171965.0},{"ts":"2026-02-13T10:20:00Z","o":66970.2,"h":66970.3,"l":66765.5,"c":66797.0,"v":1827940.0},{"ts":"2026-02-13T10:25:00Z","o":66797.0,"h":66888.0,"l":66788.6,"c":66882.0,"v":1249252.0},{"ts":"2026-02-13T10:30:00Z","o":66882.0,"h":66988.0,"l":66810.0,"c":66940.4,"v":1683061.0},{"ts":"2026-02-13T10:35:00Z","o":66940.4,"h":67016.2,"l":66914.7,"c":66917.2,"v":2767064.0},{"ts":"2026-02-13T10:40:00Z","o":66917.2,"h":67086.5,"l":66907.9,"c":66993.2,"v":2323268.0},{"ts":"2026-02-13T10:45:00Z","o":66993.2,"h":67022.0,"l":66933.9,"c":66999.9,"v":1453400.0},{"ts":"2026-02-13T10:50:00Z","o":66999.9,"h":67058.4,"l":66946.6,"c":67000.6,"v":1218225.0},{"ts":"2026-02-13T10:55:00Z","o":67000.6,"h":67023.0,"l":66937.5,"c":66940.0,"v":991509.0},{"ts":"2026-02-13T11:00:00Z","o":66940.0,"h":66949.4,"l":66819.5,"c":66899.6,"v":2003109.0},{"ts":"2026-02-13T11:05:00Z","o":66899.6,"h":66999.9,"l":66857.0,"c":66880.0,"v":1394610.0},{"ts":"2026-02-13T11:10:00Z","o":66880.0,"h":66895.3,"l":66809.1,"c":66849.9,"v":1252401.0},{"ts":"2026-02-13T11:15:00Z","o":66849.9,"h":66911.5,"l":66827.5,"c":66900.1,"v":1264351.0},{"ts":"2026-02-13T11:20:00Z","o":66900.1,"h":66937.8,"l":66849.1,"c":66859.1,"v":1175903.0},{"ts":"2026-02-13T11:25:00Z","o":66859.1,"h":66978.3,"l":66856.3,"c":66944.6,"v":1211904.0},{"ts":"2026-02-13T11:30:00Z","o":66944.6,"h":66965.6,"l":66749.1,"c":66818.8,"v":2377706.0},{"ts":"2026-02-13T11:35:00Z","o":66818.8,"h":66969.6,"l":66791.0,"c":66914.7,"v":1111496.0},{"ts":"2026-02-13T11:40:00Z","o":66914.7,"h":66993.5,"l":66898.3,"c":66962.0,"v":1098297.0},{"ts":"2026-02-13T11:45:00Z","o":66962.0,"h":67014.7,"l":66930.3,"c":66976.7,"v":1482621.0},{"ts":"2026-02-13T11:50:00Z","o":66976.7,"h":67034.2,"l":66968.5,"c":67024.6,"v":786353.0},{"ts":"2026-02-13T11:55:00Z","o":67024.6,"h":67195.4,"l":67004.4,"c":67137.4,"v":3054861.0},{"ts":"2026-02-13T12:00:00Z","o":67137.4,"h":67143.2,"l":66974.6,"c":66987.3,"v":2151494.0},{"ts":"2026-02-13T12:05:00Z","o":66987.3,"h":67022.6,"l":66912.0,"c":67004.1,"v":1811874.0},{"ts":"2026-02-13T12:10:00Z","o":67004.1,"h":67055.9,"l":66944.7,"c":66951.7,"v":1164023.0},{"ts":"2026-02-13T12:15:00Z","o":66951.7,"h":66980.0,"l":66887.0,"c":66979.9,"v":1183028.0}],"15m":[{"ts":"2026-02-12T16:30:00Z","o":66034.3,"h":66510.4,"l":65907.4,"c":66243.1,"v":16674528.0},{"ts":"2026-02-12T16:45:00Z","o":66243.1,"h":66338.0,"l":65522.2,"c":65826.2,"v":16919903.0},{"ts":"2026-02-12T17:00:00Z","o":65826.2,"h":65970.5,"l":65530.0,"c":65710.7,"v":9514249.0},{"ts":"2026-02-12T17:15:00Z","o":65710.7,"h":66234.5,"l":65583.0,"c":66096.7,"v":9253238.0},{"ts":"2026-02-12T17:30:00Z","o":66096.7,"h":66177.1,"l":65806.3,"c":65951.2,"v":6374109.0},{"ts":"2026-02-12T17:45:00Z","o":65951.2,"h":66022.6,"l":65331.7,"c":65380.3,"v":12162894.0},{"ts":"2026-02-12T18:00:00Z","o":65380.3,"h":65763.0,"l":65344.2,"c":65664.8,"v":7478085.0},{"ts":"2026-02-12T18:15:00Z","o":65664.8,"h":65691.3,"l":65199.0,"c":65273.2,"v":11128511.0},{"ts":"2026-02-12T18:30:00Z","o":65273.2,"h":65507.6,"l":65081.1,"c":65404.8,"v":8801303.0},{"ts":"2026-02-12T18:45:00Z","o":65404.8,"h":65671.0,"l":65377.7,"c":65559.4,"v":6347793.0},{"ts":"2026-02-12T19:00:00Z","o":65559.4,"h":65720.0,"l":65235.5,"c":65416.8,"v":6533720.0},{"ts":"2026-02-12T19:15:00Z","o":65416.8,"h":65932.7,"l":65382.6,"c":65745.1,"v":7706996.0},{"ts":"2026-02-12T19:30:00Z","o":65745.1,"h":66076.1,"l":65728.4,"c":65948.6,"v":7301165.0},{"ts":"2026-02-12T19:45:00Z","o":65948.6,"h":66088.0,"l":65743.4,"c":65760.8,"v":5417969.0},{"ts":"2026-02-12T20:00:00Z","o":65760.8,"h":66008.7,"l":65576.2,"c":65677.7,"v":7027791.0},{"ts":"2026-02-12T20:15:00Z","o":65677.7,"h":65782.6,"l":65451.5,"c":65477.0,"v":4261713.0},{"ts":"2026-02-12T20:30:00Z","o":65477.0,"h":65655.9,"l":65370.0,"c":65517.6,"v":5123423.0},{"ts":"2026-02-12T20:45:00Z","o":65517.6,"h":65563.7,"l":65184.4,"c":65395.2,"v":8069038.0},{"ts":"2026-02-12T21:00:00Z","o":65395.2,"h":65643.3,"l":65395.2,"c":65640.2,"v":5258266.0},{"ts":"2026-02-12T21:15:00Z","o":65640.2,"h":65770.0,"l":65445.0,"c":65575.7,"v":5823486.0},{"ts":"2026-02-12T21:30:00Z","o":65575.7,"h":65819.5,"l":65550.1,"c":65788.5,"v":4866212.0},{"ts":"2026-02-12T21:45:00Z","o":65788.5,"h":65873.3,"l":65706.4,"c":65816.8,"v":2810797.0},{"ts":"2026-02-12T22:00:00Z","o":65816.8,"h":65861.6,"l":65715.0,"c":65788.9,"v":3423072.0},{"ts":"2026-02-12T22:15:00Z","o":65788.9,"h":65927.3,"l":65615.0,"c":65927.3,"v":4459347.0},{"ts":"2026-02-12T22:30:00Z","o":65927.3,"h":66176.9,"l":65850.8,"c":66168.1,"v":5300581.0},{"ts":"2026-02-12T22:45:00Z","o":66168.1,"h":66380.0,"l":66160.0,"c":66262.3,"v":6674619.0},{"ts":"2026-02-12T23:00:00Z","o":66262.3,"h":66444.0,"l":66173.2,"c":66286.0,"v":5893589.0},{"ts":"2026-02-12T23:15:00Z","o":66286.0,"h":66458.1,"l":66228.2,"c":66366.4,"v":3006050.0},{"ts":"2026-02-12T23:30:00Z","o":66366.4,"h":66456.1,"l":66175.3,"c":66219.9,"v":3842626.0},{"ts":"2026-02-12T23:45:00Z","o":66219.9,"h":66280.2,"l":66135.8,"c":66243.1,"v":3096513.0},{"ts":"2026-02-13T00:00:00Z","o":66243.1,"h":66498.4,"l":66137.9,"c":66341.3,"v":5761410.0},{"ts":"2026-02-13T00:15:00Z","o":66341.3,"h":66347.8,"l":65976.0,"c":66001.8,"v":5952390.0},{"ts":"2026-02-13T00:30:00Z","o":66001.8,"h":66111.5,"l":65870.7,"c":65924.6,"v":7882903.0},{"ts":"2026-02-13T00:45:00Z","o":65924.6,"h":66038.1,"l":65833.9,"c":65881.9,"v":7017403.0},{"ts":"2026-02-13T01:00:00Z","o":65881.9,"h":66250.1,"l":65881.9,"c":66220.0,"v":5203778.0},{"ts":"2026-02-13T01:15:00Z","o":66220.0,"h":66265.0,"l":66052.7,"c":66189.5,"v":4085738.0},{"ts":"2026-02-13T01:30:00Z","o":66189.5,"h":66475.1,"l":66189.5,"c":66383.7,"v":4936633.0},{"ts":"2026-02-13T01:45:00Z","o":66383.7,"h":66587.6,"l":66299.5,"c":66423.5,"v":5365308.0},{"ts":"2026-02-13T02:00:00Z","o":66423.5,"h":66540.0,"l":66352.8,"c":66531.0,"v":3526791.0},{"ts":"2026-02-13T02:15:00Z","o":66531.0,"h":66622.9,"l":66353.8,"c":66494.5,"v":3169626.0},{"ts":"2026-02-13T02:30:00Z","o":66494.5,"h":66600.0,"l":66428.5,"c":66555.1,"v":2315313.0},{"ts":"2026-02-13T02:45:00Z","o":66555.1,"h":66727.2,"l":66510.8,"c":66628.0,"v":3310231.0},{"ts":"2026-02-13T03:00:00Z","o":66628.0,"h":66741.6,"l":66464.0,"c":66481.5,"v":4291177.0},{"ts":"2026-02-13T03:15:00Z","o":66481.5,"h":66647.0,"l":66453.5,"c":66647.0,"v":2315609.0},{"ts":"2026-02-13T03:30:00Z","o":66647.0,"h":66778.0,"l":66585.3,"c":66608.4,"v":2889262.0},{"ts":"2026-02-13T03:45:00Z","o":66608.4,"h":66641.5,"l":66422.9,"c":66519.6,"v":3337421.0},{"ts":"2026-02-13T04:00:00Z","o":66519.6,"h":66562.0,"l":66399.2,"c":66504.9,"v":2987635.0},{"ts":"2026-02-13T04:15:00Z","o":66504.9,"h":66643.9,"l":66418.6,"c":66418.6,"v":3733603.0},{"ts":"2026-02-13T04:30:00Z","o":66418.6,"h":66444.1,"l":66311.0,"c":66334.6,"v":2922439.0},{"ts":"2026-02-13T04:45:00Z","o":66334.6,"h":66413.8,"l":66273.4,"c":66300.0,"v":2905527.0},{"ts":"2026-02-13T05:00:00Z","o":66300.0,"h":66424.5,"l":66190.5,"c":66211.1,"v":3327922.0},{"ts":"2026-02-13T05:15:00Z","o":66211.1,"h":66374.7,"l":66194.4,"c":66292.1,"v":1764146.0},{"ts":"2026-02-13T05:30:00Z","o":66292.1,"h":66444.0,"l":66278.0,"c":66438.0,"v":3037963.0},{"ts":"2026-02-13T05:45:00Z","o":66438.0,"h":66474.4,"l":66151.1,"c":66151.3,"v":2973470.0},{"ts":"2026-02-13T06:00:00Z","o":66151.3,"h":66279.9,"l":66135.1,"c":66202.7,"v":2443914.0},{"ts":"2026-02-13T06:15:00Z","o":66202.7,"h":66268.0,"l":66010.0,"c":66093.5,"v":3630455.0},{"ts":"2026-02-13T06:30:00Z","o":66093.5,"h":66095.5,"l":65973.7,"c":66059.3,"v":2743224.0},{"ts":"2026-02-13T06:45:00Z","o":66059.3,"h":66367.5,"l":66020.2,"c":66330.4,"v":4448575.0},{"ts":"2026-02-13T07:00:00Z","o":66330.4,"h":66543.2,"l":66304.4,"c":66497.5,"v":4368570.0},{"ts":"2026-02-13T07:15:00Z","o":66497.5,"h":66540.1,"l":66385.8,"c":66490.0,"v":3111696.0},{"ts":"2026-02-13T07:30:00Z","o":66490.0,"h":66490.0,"l":66093.8,"c":66094.0,"v":4847355.0},{"ts":"2026-02-13T07:45:00Z","o":66094.0,"h":66300.0,"l":66018.0,"c":66183.2,"v":5205659.0},{"ts":"2026-02-13T08:00:00Z","o":66183.2,"h":66459.6,"l":66159.9,"c":66232.1,"v":4204898.0},{"ts":"2026-02-13T08:15:00Z","o":66232.1,"h":66412.5,"l":66185.8,"c":66382.8,"v":3450830.0},{"ts":"2026-02-13T08:30:00Z","o":66382.8,"h":66511.1,"l":66341.4,"c":66477.0,"v":3843583.0},{"ts":"2026-02-13T08:45:00Z","o":66477.0,"h":66723.0,"l":66476.9,"c":66674.8,"v":6494355.0},{"ts":"2026-02-13T09:00:00Z","o":66674.8,"h":66830.9,"l":66580.0,"c":66653.5,"v":6505857.0},{"ts":"2026-02-13T09:15:00Z","o":66653.5,"h":66809.8,"l":66606.0,"c":66790.1,"v":4319532.0},{"ts":"2026-02-13T09:30:00Z","o":66790.1,"h":66911.2,"l":66743.2,"c":66822.6,"v":5203617.0},{"ts":"2026-02-13T09:45:00Z","o":66822.6,"h":67041.7,"l":66821.2,"c":66924.3,"v":5685661.0},{"ts":"2026-02-13T10:00:00Z","o":66924.3,"h":66936.0,"l":66789.7,"c":66873.3,"v":5458822.0},{"ts":"2026-02-13T10:15:00Z","o":66873.3,"h":67064.0,"l":66765.5,"c":66882.0,"v":5249157.0},{"ts":"2026-02-13T10:30:00Z","o":66882.0,"h":67086.5,"l":66810.0,"c":66993.2,"v":6773393.0},{"ts":"2026-02-13T10:45:00Z","o":66993.2,"h":67058.4,"l":66933.9,"c":66940.0,"v":3663134.0},{"ts":"2026-02-13T11:00:00Z","o":66940.0,"h":66999.9,"l":66809.1,"c":66849.9,"v":4650120.0},{"ts":"2026-02-13T11:15:00Z","o":66849.9,"h":66978.3,"l":66827.5,"c":66944.6,"v":3652158.0},{"ts":"2026-02-13T11:30:00Z","o":66944.6,"h":66993.5,"l":66749.1,"c":66962.0,"v":4587499.0},{"ts":"2026-02-13T11:45:00Z","o":66962.0,"h":67195.4,"l":66930.3,"c":67137.4,"v":5323835.0},{"ts":"2026-02-13T12:00:00Z","o":67137.4,"h":67143.2,"l":66912.0,"c":66951.7,"v":5127391.0},{"ts":"2026-02-13T12:15:00Z","o":66951.7,"h":66980.0,"l":66887.0,"c":66979.9,"v":1183028.0}]},"features":{"P_used":66979.7,"orderbook":{"topN":20,"bandPct":0.0015,"bidSumTopN":185261.0,"askSumTopN":191176.0,"bidAskRatioTopN":0.9690599238398125,"bestBid":66979.7,"bestAsk":66979.8,"spread":0.10000000000582077,"spreadBps":0.01492989667105418,"nearBand":{"bidCount":20,"askCount":20,"topBidWall":{"price":66978.8,"size":103941.0},"topAskWall":{"price":66980.6,"size":103495.0}}},"orderbookHistory":{"available":true,"bidWall":{"samples":28,"persistRate":0.4074074074074074,"churnRate":0.5925925925925926,"sizeCv":0.31998419036342657},"askWall":{"samples":28,"persistRate":0.37037037037037035,"churnRate":0.6296296296296297,"sizeCv":0.28889752017357423}},"trades":{"available":true,"buyVol":19370.0,"sellVol":5228.0,"buyCnt":22,"sellCnt":18,"buyVolRatio":0.7874623953166924,"sellVolRatio":0.2125376046833076,"maxTrade":{"price":66979.8,"vol":5461.0,"T":1}},"openInterest":{"available":true,"windowSamples":25,"oiStart":553376131.0,"oiEnd":553327785.0,"oiChange":-48346.0,"oiChangePct":-0.008736553185377633,"pxStart":66979.8,"pxEnd":66973.3,"pxChangePct":-0.009704418347024027,"leverageChaseFlag":false},"context":{"available":true,"range15m":{"hi":67195.4,"lo":66018.0,"pos01":0.8169695940207228,"lastClose":66979.9,"meanClose":66737.42},"range5m":{"hi":67195.4,"lo":66018.0,"pos01":0.8169695940207228,"lastClose":66979.9,"meanClose":66713.6}}}}