{"meta":{"exchange":"MEXC","market":"FUTURES","symbol":"BTC_USDT","generated_at":"2026-02-13T17:06:20Z"},"marketInfo":{"priceUnit":0.1,"volUnit":1,"minVol":1,"contractSize":0.0001,"priceScale":1,"volScale":0,"maxLeverage":500},"price":{"ticker":{"contractId":10,"symbol":"BTC_USDT","lastPrice":68859.9,"bid1":68859.8,"ask1":68859.9,"volume24":261551969,"amount24":1751387894.58119,"holdVol":539761046,"lower24Price":65081.1,"high24Price":69448.9,"riseFallRate":0.003,"riseFallValue":207.5,"indexPrice":68892.6,"fairPrice":68859.9,"fundingRate":-2.3e-05,"maxBidPrice":75781.8,"minAskPrice":62003.3,"timestamp":1771002379777,"riseFallRates":{"zone":"UTC+8","r":0.003,"v":207.5,"r7":0.0041,"r30":-0.2878,"r90":-0.2843,"r180":-0.4173,"r365":-0.2823},"riseFallRatesOfTimezone":[0.046,0.0395,0.003]},"funding":{"symbol":"BTC_USDT","fundingRate":-2.3e-05,"maxFundingRate":0.0018,"minFundingRate":-0.0018,"collectCycle":8,"nextSettleTime":1771027200000,"timestamp":1771002381353},"index":{"symbol":"BTC_USDT","indexPrice":68897.7,"timestamp":1771002381339},"fair":{"symbol":"BTC_USDT","fairPrice":68863.8,"timestamp":1771002382200}},"metrics":{"openInterestNow":539761046,"oiHistory":[{"t":1771002385799,"lastPrice":68858.9,"bid1":68858.8,"ask1":68858.9,"holdVol":539811360,"fundingRate":-2.3e-05,"indexPrice":68897.18,"fairPrice":68863.3},{"t":1771002388553,"lastPrice":68858.2,"bid1":68857.8,"ask1":68858.3,"holdVol":540783244,"fundingRate":-2.3e-05,"indexPrice":68896.64,"fairPrice":68862.7},{"t":1771002391343,"lastPrice":68859.9,"bid1":68865.9,"ask1":68866,"holdVol":540785616,"fundingRate":-2.3e-05,"indexPrice":68897.51,"fairPrice":68863.9},{"t":1771002393869,"lastPrice":68867.9,"bid1":68871.9,"ask1":68872,"holdVol":540861110,"fundingRate":-2.3e-05,"indexPrice":68899.48,"fairPrice":68865.9},{"t":1771002396512,"lastPrice":68867.9,"bid1":68879.9,"ask1":68880,"holdVol":540879897,"fundingRate":-2.3e-05,"indexPrice":68905.78,"fairPrice":68871.8},{"t":1771002399037,"lastPrice":68877.9,"bid1":68877.9,"ask1":68878,"holdVol":540886416,"fundingRate":-2.3e-05,"indexPrice":68915.33,"fairPrice":68881.3},{"t":1771002401539,"lastPrice":68910.8,"bid1":68909,"ask1":68910.1,"holdVol":540851424,"fundingRate":-2.3e-05,"indexPrice":68947.38,"fairPrice":68913.4},{"t":1771002404046,"lastPrice":68897.8,"bid1":68897.8,"ask1":68897.9,"holdVol":540765062,"fundingRate":-2.3e-05,"indexPrice":68937.66,"fairPrice":68906.8},{"t":1771002406575,"lastPrice":68893.2,"bid1":68893.1,"ask1":68893.2,"holdVol":540657859,"fundingRate":-2.3e-05,"indexPrice":68929.45,"fairPrice":68895.4},{"t":1771002409367,"lastPrice":68897.8,"bid1":68897.7,"ask1":68897.8,"holdVol":540704793,"fundingRate":-2.3e-05,"indexPrice":68930.79,"fairPrice":68897.8},{"t":1771002411856,"lastPrice":68901.9,"bid1":68901.9,"ask1":68902,"holdVol":540707078,"fundingRate":-2.3e-05,"indexPrice":68932.87,"fairPrice":68898.7},{"t":1771002414412,"lastPrice":68910.1,"bid1":68910.7,"ask1":68910.8,"holdVol":540730838,"fundingRate":-2.3e-05,"indexPrice":68940.62,"fairPrice":68906.4},{"t":1771002417026,"lastPrice":68910.1,"bid1":68910.7,"ask1":68910.8,"holdVol":540730838,"fundingRate":-2.3e-05,"indexPrice":68940.62,"fairPrice":68906.4},{"t":1771002419503,"lastPrice":68946.7,"bid1":68946.7,"ask1":68946.8,"holdVol":540456950,"fundingRate":-2.3e-05,"indexPrice":68979.63,"fairPrice":68946.8},{"t":1771002422038,"lastPrice":68940,"bid1":68940,"ask1":68940.1,"holdVol":540431606,"fundingRate":-2.3e-05,"indexPrice":68979.36,"fairPrice":68946.8},{"t":1771002424841,"lastPrice":68962.8,"bid1":68962.8,"ask1":68962.9,"holdVol":540422524,"fundingRate":-2.3e-05,"indexPrice":68993.67,"fairPrice":68958.9},{"t":1771002427369,"lastPrice":68957.4,"bid1":68957.4,"ask1":68957.5,"holdVol":540450355,"fundingRate":-2.3e-05,"indexPrice":68992.01,"fairPrice":68957.6},{"t":1771002429916,"lastPrice":68957.4,"bid1":68957.4,"ask1":68957.5,"holdVol":540450355,"fundingRate":-2.3e-05,"indexPrice":68992.01,"fairPrice":68957.6},{"t":1771002432432,"lastPrice":68926.8,"bid1":68926.8,"ask1":68926.9,"holdVol":540461040,"fundingRate":-2.3e-05,"indexPrice":68963.21,"fairPrice":68933},{"t":1771002434910,"lastPrice":68926.8,"bid1":68926.8,"ask1":68926.9,"holdVol":540461040,"fundingRate":-2.3e-05,"indexPrice":68963.21,"fairPrice":68933},{"t":1771002437709,"lastPrice":68915.1,"bid1":68906.6,"ask1":68906.7,"holdVol":540600768,"fundingRate":-2.3e-05,"indexPrice":68952.22,"fairPrice":68918.7},{"t":1771002440268,"lastPrice":68905.6,"bid1":68905.6,"ask1":68905.7,"holdVol":540612076,"fundingRate":-2.3e-05,"indexPrice":68941.09,"fairPrice":68906.7},{"t":1771002442828,"lastPrice":68898.4,"bid1":68900,"ask1":68900.1,"holdVol":540507916,"fundingRate":-2.3e-05,"indexPrice":68931.27,"fairPrice":68900.2},{"t":1771002445356,"lastPrice":68883.3,"bid1":68881.5,"ask1":68881.6,"holdVol":540495888,"fundingRate":-2.3e-05,"indexPrice":68928.98,"fairPrice":68898.4}],"fundingRateNow":-2.3e-05,"fundingRateHistory":{"pageSize":24,"totalCount":1618,"totalPage":68,"currentPage":1,"resultList":[{"symbol":"BTC_USDT","fundingRate":-1.2e-05,"settleTime":1770998400000,"collectCycle":8},{"symbol":"BTC_USDT","fundingRate":6e-06,"settleTime":1770969600000,"collectCycle":8},{"symbol":"BTC_USDT","fundingRate":5.8e-05,"settleTime":1770940800000,"collectCycle":8},{"symbol":"BTC_USDT","fundingRate":-1.7e-05,"settleTime":1770912000000,"collectCycle":8},{"symbol":"BTC_USDT","fundingRate":3.3e-05,"settleTime":1770883200000,"collectCycle":8},{"symbol":"BTC_USDT","fundingRate":-1.3e-05,"settleTime":1770854400000,"collectCycle":8},{"symbol":"BTC_USDT","fundingRate":-1.2e-05,"settleTime":1770825600000,"collectCycle":8},{"symbol":"BTC_USDT","fundingRate":-8.3e-05,"settleTime":1770796800000,"collectCycle":8},{"symbol":"BTC_USDT","fundingRate":1.3e-05,"settleTime":1770768000000,"collectCycle":8},{"symbol":"BTC_USDT","fundingRate":-8.8e-05,"settleTime":1770739200000,"collectCycle":8},{"symbol":"BTC_USDT","fundingRate":-4.7e-05,"settleTime":1770710400000,"collectCycle":8},{"symbol":"BTC_USDT","fundingRate":-9e-05,"settleTime":1770681600000,"collectCycle":8},{"symbol":"BTC_USDT","fundingRate":-4.2e-05,"settleTime":1770652800000,"collectCycle":8},{"symbol":"BTC_USDT","fundingRate":1.7e-05,"settleTime":1770624000000,"collectCycle":8},{"symbol":"BTC_USDT","fundingRate":-2.9e-05,"settleTime":1770595200000,"collectCycle":8},{"symbol":"BTC_USDT","fundingRate":-4.9e-05,"settleTime":1770566400000,"collectCycle":8},{"symbol":"BTC_USDT","fundingRate":-3.5e-05,"settleTime":1770537600000,"collectCycle":8},{"symbol":"BTC_USDT","fundingRate":-3.4e-05,"settleTime":1770508800000,"collectCycle":8},{"symbol":"BTC_USDT","fundingRate":-3e-05,"settleTime":1770480000000,"collectCycle":8},{"symbol":"BTC_USDT","fundingRate":-8.2e-05,"settleTime":1770451200000,"collectCycle":8},{"symbol":"BTC_USDT","fundingRate":-0.000152,"settleTime":1770422400000,"collectCycle":8},{"symbol":"BTC_USDT","fundingRate":-0.000133,"settleTime":1770393600000,"collectCycle":8},{"symbol":"BTC_USDT","fundingRate":-0.000136,"settleTime":1770364800000,"collectCycle":8},{"symbol":"BTC_USDT","fundingRate":-1.3e-05,"settleTime":1770336000000,"collectCycle":8}]}},"orderbook":{"asks":[[68858.9,1304,1],[68860,4157,1],[68860.1,4208,1],[68860.2,4122,1],[68860.3,4249,1],[68860.4,3477,1],[68860.5,5671,2],[68860.6,3978,1],[68860.7,4334,1],[68860.8,3829,1],[68860.9,4275,1],[68861,12633,3],[68861.1,12870,3],[68861.2,13654,3],[68861.3,4461,1],[68861.4,4536,1],[68861.5,3729,1],[68861.6,4107,1],[68861.7,4528,1],[68861.8,4320,1]],"bids":[[68858.4,2704,1],[68858.2,11187,1],[68858.1,3588,1],[68858,4228,1],[68857.9,4149,1],[68857.8,4501,1],[68857.7,4506,1],[68857.6,3995,1],[68857.5,3754,1],[68857.4,4340,1],[68857.3,100059,2],[68857.2,3652,1],[68857.1,3780,1],[68857,3742,1],[68856.9,3942,1],[68856.8,3345,1],[68856.7,3622,1],[68856.6,3639,1],[68856.5,4157,1],[68856.4,4208,1]],"version":32472107570,"timestamp":1771002382124},"orderbookHistory":{"depthCommits":[{"asks":[],"bids":[[68858.8,3466,1]],"version":32472107582},{"asks":[[68896.2,0,0]],"bids":[],"version":32472107581},{"asks":[],"bids":[[68858.3,2726,1]],"version":32472107580},{"asks":[],"bids":[[68801,153,2]],"version":32472107579},{"asks":[],"bids":[[68858.8,0,0]],"version":32472107578},{"asks":[],"bids":[[68801,3012,3]],"version":32472107577},{"asks":[[70000,114559,287]],"bids":[],"version":32472107576},{"asks":[],"bids":[[68858.4,0,0]],"version":32472107575},{"asks":[[68896.2,2726,1]],"bids":[],"version":32472107574},{"asks":[],"bids":[[68801.1,0,0]],"version":32472107573},{"asks":[],"bids":[[68858.8,2593,1]],"version":32472107572},{"asks":[],"bids":[[68801.1,4046,1]],"version":32472107571},{"asks":[[68896.2,0,0]],"bids":[],"version":32472107570},{"asks":[[68896.2,2726,1]],"bids":[],"version":32472107569},{"asks":[],"bids":[[68801,153,2]],"version":32472107568},{"asks":[],"bids":[[68858.8,0,0]],"version":32472107567},{"asks":[],"bids":[[68858.8,3574,1]],"version":32472107566},{"asks":[],"bids":[[68801,4199,3]],"version":32472107565},{"asks":[[68858.9,1304,1]],"bids":[],"version":32472107564},{"asks":[[68896.1,0,0]],"bids":[],"version":32472107563},{"asks":[],"bids":[[68859.8,0,0],[68858.4,2704,1]],"version":32472107562},{"asks":[[80000,38434,122]],"bids":[],"version":32472107561},{"asks":[],"bids":[[68858.4,2726,1]],"version":32472107560},{"asks":[[68859.9,0,0]],"bids":[],"version":32472107559},{"asks":[[68859.9,822,1]],"bids":[],"version":32472107558},{"asks":[[68859.9,1644,2]],"bids":[],"version":32472107557},{"asks":[[68859.9,3287,3]],"bids":[],"version":32472107556},{"asks":[],"bids":[[68801,153,2]],"version":32472107555},{"asks":[],"bids":[[68858.3,0,0]],"version":32472107554},{"asks":[[68859.9,4520,4]],"bids":[],"version":32472107553},{"asks":[[68896.1,2726,1]],"bids":[],"version":32472107552},{"asks":[],"bids":[[68801,4199,3]],"version":32472107551},{"asks":[],"bids":[[68858.3,2726,1]],"version":32472107550},{"asks":[[68859.9,5003,5]],"bids":[],"version":32472107549},{"asks":[[68859.9,3770,4]],"bids":[],"version":32472107548},{"asks":[[68860,4157,1]],"bids":[],"version":32472107547},{"asks":[[68859.9,2127,3]],"bids":[],"version":32472107546},{"asks":[[68896.2,0,0]],"bids":[],"version":32472107545},{"asks":[[68859.9,1305,2]],"bids":[],"version":32472107544},{"asks":[],"bids":[[68788.2,2764,2]],"version":32472107543},{"asks":[[68860,6678,2]],"bids":[],"version":32472107542},{"asks":[[68860,8321,3]],"bids":[],"version":32472107541},{"asks":[[68860,9554,4]],"bids":[],"version":32472107540},{"asks":[[68906.6,2764,2]],"bids":[],"version":32472107539},{"asks":[[68860,10376,5]],"bids":[],"version":32472107538},{"asks":[[68860,7855,4]],"bids":[],"version":32472107537},{"asks":[],"bids":[[68852.9,1304,1]],"version":32472107536},{"asks":[[68859.9,483,1]],"bids":[],"version":32472107535},{"asks":[[68860.1,4208,1]],"bids":[],"version":32472107534},{"asks":[[68860,8677,5]],"bids":[],"version":32472107533},{"asks":[[68909.6,2428,1]],"bids":[],"version":32472107532},{"asks":[[68860,7444,4]],"bids":[],"version":32472107531},{"asks":[],"bids":[[68797.9,2814,1]],"version":32472107530},{"asks":[[68859.9,917,2]],"bids":[],"version":32472107529},{"asks":[],"bids":[[68850.4,8052,3]],"version":32472107528},{"asks":[],"bids":[[68791.3,2814,1]],"version":32472107527},{"asks":[[68860,5801,3]],"bids":[],"version":32472107526},{"asks":[],"bids":[[68780.2,2756,1]],"version":32472107525},{"asks":[],"bids":[[68784.3,3049,2]],"version":32472107524},{"asks":[],"bids":[[68770.3,3000,1]],"version":32472107523}],"polled":{"seconds":60,"stepSec":2.0,"levels":20,"snapshots":[{"timestamp":1771002447337,"version":32472178880,"bids":[[68857,1,1],[68856,1,1],[68853.7,1,1],[68852.4,14129,2],[68852.3,7610,2],[68852.2,8187,2],[68852.1,3887,1],[68852,4274,1],[68851.9,4357,1],[68851.8,4398,1],[68851.7,4117,1],[68851.6,3583,1],[68851.5,100694,2],[68851.4,4444,1],[68851.3,3625,1],[68851.2,4189,1],[68851.1,4053,1],[68851,4033,1],[68850.9,4421,1],[68850.8,4509,1]],"asks":[[68857.1,4217,1],[68857.2,4238,1],[68857.3,8553,3],[68857.4,3827,1],[68857.5,3932,1],[68857.6,4101,1],[68857.7,4204,1],[68857.8,3714,1],[68857.9,6769,2],[68858,4216,1],[68858.1,8722,3],[68858.2,3776,1],[68858.3,6512,2],[68858.4,4834,1],[68858.5,7097,2],[68858.6,26443,2],[68858.7,6136,2],[68858.8,4318,1],[68858.9,7032,2],[68859,3833,1]]},{"timestamp":1771002449681,"version":32472180320,"bids":[[68848.5,11198,3],[68848.4,7787,2],[68848.3,8062,2],[68848.2,4366,1],[68848.1,4038,1],[68848,3547,1],[68847.9,3482,1],[68847.8,5195,3],[68847.7,3596,1],[68847.6,100848,3],[68847.5,3545,1],[68847.4,4219,2],[68847.3,4005,1],[68847.1,4479,1],[68847,3794,2],[68846.9,4341,1],[68846.6,3881,1],[68846.5,3560,1],[68846.4,4790,2],[68846.3,4456,1]],"asks":[[68848.6,3738,1],[68848.7,3957,1],[68848.8,3920,1],[68848.9,4216,1],[68849,3412,1],[68849.1,3436,1],[68849.2,4405,1],[68849.3,4039,1],[68849.4,100642,2],[68849.5,3991,1],[68849.6,3614,1],[68850,4484,1],[68850.4,4207,1],[68850.5,4077,1],[68850.6,4005,1],[68850.7,3846,1],[68850.8,4456,1],[68850.9,3959,1],[68851,3703,1],[68851.1,3950,1]]},{"timestamp":1771002452017,"version":32472181945,"bids":[[68840.2,9496,1],[68840.1,4210,1],[68840,3743,7],[68839.9,3898,1],[68839.8,3979,1],[68839.7,4236,1],[68839.6,4204,1],[68839.5,4463,1],[68839.4,4096,1],[68839.3,101155,2],[68839.2,4045,1],[68839.1,3513,2],[68839,3855,1],[68838.9,3594,1],[68838.8,3920,1],[68838.7,4430,1],[68838.6,3369,1],[68838.5,3357,1],[68838.4,4395,1],[68838.3,4072,1]],"asks":[[68840.3,9496,1],[68840.4,4210,1],[68840.5,3444,1],[68840.6,3898,1],[68840.7,3979,1],[68840.8,4236,1],[68840.9,4204,1],[68841,4463,1],[68841.1,100751,2],[68841.2,4500,1],[68841.3,4045,1],[68841.4,3413,1],[68841.5,3855,1],[68841.6,3594,1],[68841.7,3920,1],[68841.8,4430,1],[68841.9,3369,1],[68842,3357,1],[68842.1,4395,1],[68842.2,4072,1]]},{"timestamp":1771002454661,"version":32472183350,"bids":[[68844.8,11022,1],[68844.7,3902,1],[68844.6,4354,1],[68844.5,3439,1],[68844.4,4390,1],[68844.3,6155,2],[68844.2,6796,2],[68844.1,3565,1],[68844,6177,2],[68843.9,102217,4],[68843.8,5568,3],[68843.7,5568,3],[68843.6,7419,3],[68843.5,11071,5],[68843.4,9147,3],[68843.3,15,1],[68842.1,1304,1],[68842,3999,1],[68841.8,4059,1],[68841.6,3828,1]],"asks":[[68844.9,14987,2],[68845,7973,2],[68845.1,8428,2],[68845.2,4397,1],[68845.3,3940,1],[68845.4,4123,1],[68845.5,3452,1],[68845.6,3504,1],[68845.7,101113,2],[68845.8,4057,1],[68845.9,4504,1],[68846,4239,1],[68846.4,3606,1],[68846.5,3353,1],[68846.6,4111,1],[68846.7,3443,1],[68846.8,3441,1],[68846.9,4294,1],[68847,3615,1],[68847.1,4159,1]]},{"timestamp":1771002456991,"version":32472186300,"bids":[[68831.6,11475,2],[68831.5,7747,2],[68831.4,8165,2],[68831.3,3682,1],[68831.2,3449,1],[68831.1,3408,1],[68831,4351,1],[68830.9,4268,1],[68830.8,3475,1],[68830.7,100711,2],[68830.6,4106,1],[68830.5,3760,1],[68830.4,3367,1],[68830,4005,3],[68829.9,4386,1],[68829.8,3580,1],[68829.7,3939,1],[68829.6,3960,1],[68829.5,3403,1],[68829.4,3337,1]],"asks":[[68831.7,5772,4],[68833.1,1304,1],[68834.5,1304,1],[68835.1,13362,5],[68835.2,8938,2],[68835.3,3858,1],[68835.4,4132,1],[68835.5,4327,1],[68835.6,4112,1],[68835.7,4812,1],[68836.1,6139,2],[68836.2,4215,1],[68836.3,3991,1],[68836.4,3658,1],[68836.5,4747,1],[68836.6,4873,1],[68836.7,4556,1],[68836.8,4242,1],[68836.9,4031,1],[68837,4343,1]]},{"timestamp":1771002459103,"version":32472188565,"bids":[[68820,12545,2],[68819.9,7863,2],[68819.8,7883,2],[68819.7,3580,1],[68819.6,3491,1],[68819.5,4113,1],[68819.4,4177,2],[68819.3,3469,1],[68819.2,3506,1],[68819.1,100444,2],[68819,4417,1],[68818.9,3960,1],[68818.8,3494,1],[68818.7,4371,1],[68818.6,4106,1],[68818.5,4044,1],[68818.4,4467,1],[68818.3,3869,1],[68817.9,4023,1],[68817.8,4343,2]],"asks":[[68820.1,9508,6],[68820.2,4998,2],[68821.6,1304,1],[68822.8,4699,1],[68822.9,4354,1],[68823,4543,1],[68823.1,8292,3],[68823.2,4707,1],[68823.3,4397,1],[68823.4,4579,1],[68823.5,4288,1],[68823.6,3836,1],[68824.5,1304,1],[68825.9,1304,1],[68826.1,2578,1],[68826.2,21797,1],[68826.9,2365,1],[68827,2869,1],[68827.1,2507,1],[68827.2,2927,1]]},{"timestamp":1771002461430,"version":32472189895,"bids":[[68813.6,3617,1],[68813.5,3773,1],[68813.4,4148,2],[68813.3,4361,2],[68813.2,3928,1],[68813.1,100283,2],[68813,4371,1],[68812.9,3503,1],[68812.8,3773,1],[68812.7,3362,1],[68812.6,4049,2],[68812.5,4430,1],[68812.4,4322,1],[68812.3,3693,1],[68812.2,4472,1],[68812.1,4353,1],[68812,4390,2],[68811.9,3531,1],[68811.8,3429,1],[68811.7,4294,1]],"asks":[[68813.7,8008,6],[68814.1,10574,1],[68814.2,3739,1],[68814.3,3792,1],[68814.4,4006,1],[68814.5,3617,1],[68814.6,3773,1],[68814.7,4147,1],[68814.8,4360,1],[68814.9,100620,2],[68815,3591,1],[68815.1,4371,1],[68815.2,3503,1],[68815.3,3773,1],[68815.4,3362,1],[68815.5,4038,1],[68815.6,4430,1],[68815.7,4322,1],[68815.8,3693,1],[68815.9,4472,1]]},{"timestamp":1771002463826,"version":32472194755,"bids":[[68781.2,2,1],[68781,4000,1],[68780,17661,5],[68779.2,12585,3],[68779.1,7857,2],[68779,7450,3],[68778.9,4054,1],[68778.8,5575,2],[68778.7,4045,1],[68778.6,3863,1],[68778.3,96741,1],[68778.2,3763,1],[68778.1,4139,1],[68778,4364,2],[68777.9,3372,1],[68777.8,4207,1],[68777.7,3716,1],[68777.6,3844,1],[68777.5,3899,1],[68777.4,4105,1]],"asks":[[68781.3,3673,1],[68781.6,3515,1],[68781.7,3887,1],[68781.8,4012,1],[68781.9,4220,1],[68782,8633,2],[68782.1,8445,2],[68782.2,7861,2],[68782.3,8641,2],[68782.4,8450,2],[68782.5,8578,2],[68782.6,3935,1],[68782.7,3850,1],[68782.8,4814,1],[68782.9,8620,2],[68783,3663,1],[68783.1,4430,1],[68783.2,9389,3],[68783.3,3769,1],[68783.4,4765,1]]},{"timestamp":1771002466107,"version":32472198195,"bids":[[68799.1,3908,1],[68798.9,4456,1],[68798.7,3714,1],[68798.5,4451,1],[68798.3,4501,1],[68798.1,4484,1],[68797.9,3962,1],[68797.7,4140,1],[68795.6,21803,1],[68795,2880,1],[68794.9,2476,1],[68794.8,2500,1],[68794.7,2312,1],[68794.6,3717,2],[68794.5,3008,1],[68794.4,2446,1],[68794.3,2894,1],[68794.2,2310,1],[68794.1,2299,1],[68794,2684,1]],"asks":[[68802,13699,2],[68802.1,8399,2],[68802.2,8150,2],[68802.3,4073,1],[68802.4,3659,1],[68802.5,3677,1],[68802.6,4334,1],[68802.7,3336,1],[68802.8,100368,2],[68802.9,3369,1],[68803,3487,1],[68803.1,4055,1],[68803.5,3878,1],[68803.6,3509,1],[68803.7,3366,1],[68803.8,4327,1],[68803.9,3852,1],[68804,4166,1],[68804.1,4420,1],[68804.2,3593,1]]},{"timestamp":1771002468347,"version":32472201535,"bids":[[68781,3806,1],[68780,17661,5],[68779.2,5,1],[68779.1,12760,2],[68779,7534,3],[68778.9,7750,2],[68778.5,4507,1],[68778.4,3387,1],[68778.3,3427,1],[68778.2,101030,2],[68778.1,4470,1],[68778,3616,2],[68777.9,3580,1],[68777.8,4100,1],[68777.7,3495,1],[68777.6,4509,1],[68777.5,4101,1],[68777.4,4040,1],[68777.3,4494,1],[68777.2,3698,1]],"asks":[[68781.1,13283,8],[68781.2,7125,2],[68781.3,3387,1],[68781.4,3427,1],[68781.5,5593,2],[68781.9,7666,2],[68782,8257,2],[68782.1,4176,1],[68782.2,3625,1],[68782.3,4040,1],[68782.9,5229,2],[68783,3836,1],[68783.1,3777,1],[68783.2,4718,1],[68783.3,4616,1],[68783.4,3767,1],[68783.5,3852,1],[68783.6,4785,1],[68783.7,3823,1],[68783.8,3701,1]]},{"timestamp":1771002470457,"version":32472203355,"bids":[[68774,2447,1],[68771.6,4520,4],[68771.5,12421,2],[68771.4,7679,2],[68771.3,7605,3],[68771.2,3943,1],[68771.1,4372,1],[68771,4430,1],[68770.9,4291,1],[68770.6,96752,1],[68770.5,4430,1],[68770.4,4270,1],[68770.3,3402,1],[68770.2,3520,1],[68770.1,3536,1],[68770,3659,2],[68769.9,3571,1],[68769.8,4272,1],[68769.7,3412,1],[68769.6,3621,1]],"asks":[[68774.3,2583,1],[68774.4,3655,1],[68774.5,4874,1],[68774.6,4525,1],[68774.7,5558,2],[68774.8,4559,1],[68774.9,3717,1],[68775,4025,1],[68775.1,4766,1],[68775.2,3932,1],[68775.3,4743,1],[68775.4,4016,1],[68775.5,4229,1],[68775.6,4810,1],[68775.7,4511,1],[68775.8,3691,1],[68775.9,3776,1],[68776,4257,1],[68776.1,3766,1],[68776.2,3891,1]]},{"timestamp":1771002472965,"version":32472205920,"bids":[[68772.5,8628,1],[68772.4,4398,1],[68772.3,4388,1],[68772.2,4109,1],[68772.1,4245,1],[68772,4441,1],[68771.9,3835,1],[68771.8,3339,1],[68771.7,4157,1],[68771.6,100386,2],[68771.5,4352,1],[68771.4,4229,1],[68771.3,4509,1],[68771.2,4290,1],[68771.1,4437,1],[68771,3762,1],[68770.9,4140,1],[68770.8,4279,1],[68770.7,3780,1],[68770.6,4026,1]],"asks":[[68772.6,9537,1],[68772.7,4089,1],[68772.8,3979,1],[68772.9,4109,1],[68773,4245,1],[68773.1,4441,1],[68773.2,3835,1],[68773.3,3339,1],[68773.4,100907,2],[68773.5,3636,1],[68773.6,4352,1],[68773.7,4229,1],[68773.8,4509,1],[68773.9,4290,1],[68774,4437,1],[68774.1,3762,1],[68774.2,4140,1],[68774.3,4279,1],[68774.4,3780,1],[68774.5,4026,1]]},{"timestamp":1771002474996,"version":32472207880,"bids":[[68775.2,552,2],[68775,15,1],[68774.7,892,1],[68774.6,4290,1],[68774.5,4364,1],[68774.4,3802,1],[68774.3,100923,2],[68774.2,3756,1],[68773.6,4081,1],[68773.5,4217,1],[68773.4,4007,1],[68773.3,3414,1],[68773.2,3517,1],[68773.1,3816,1],[68773,3476,1],[68772.9,3771,1],[68772.5,4159,1],[68772.4,7874,2],[68772.2,8329,2],[68772.1,4245,1]],"asks":[[68775.3,9686,1],[68775.4,4396,1],[68775.5,4026,2],[68775.6,4369,2],[68775.7,4369,1],[68775.8,3596,1],[68775.9,4036,1],[68776,3569,1],[68776.1,100892,2],[68776.2,3723,1],[68776.3,3446,1],[68776.4,4478,1],[68776.5,3447,1],[68776.6,4143,1],[68776.7,3457,1],[68776.8,3907,1],[68776.9,4409,1],[68777,3882,1],[68777.1,3997,1],[68777.2,3546,1]]},{"timestamp":1771002477351,"version":32472212400,"bids":[[68767.6,10472,1],[68767.5,4211,1],[68767.4,4379,1],[68767.3,4404,1],[68767.2,3988,1],[68767.1,3439,1],[68767,4475,1],[68766.9,3842,1],[68766.8,4459,1],[68766.7,101129,2],[68766.6,3942,1],[68766.5,3889,1],[68766.4,4166,1],[68766.3,4378,1],[68766.2,3773,1],[68766.1,3999,1],[68766,3960,1],[68765.9,3632,1],[68765.8,4178,1],[68765.7,4386,1]],"asks":[[68767.7,10472,1],[68767.8,4740,3],[68767.9,4379,1],[68768,4404,1],[68768.1,3988,1],[68768.2,3439,1],[68768.3,4475,1],[68768.4,3842,1],[68768.5,101216,2],[68768.6,4372,1],[68768.7,3942,1],[68768.8,3889,1],[68768.9,4166,1],[68769,4378,1],[68769.1,3773,1],[68769.2,3999,1],[68769.3,3960,1],[68769.4,3632,1],[68769.5,4178,1],[68769.6,4386,1]]},{"timestamp":1771002479561,"version":32472216785,"bids":[[68771.5,15315,2],[68771.4,7097,2],[68771.3,7429,2],[68771.2,3508,1],[68771.1,3991,1],[68771,3519,1],[68770.9,3772,1],[68770.8,4387,1],[68770.7,3974,1],[68770.6,100265,2],[68770.5,4033,1],[68770.4,3968,1],[68770,4122,1],[68769.9,4310,1],[68769.8,3509,1],[68769.7,3409,1],[68769.6,4297,1],[68769.5,4222,1],[68769.4,4257,1],[68769.3,3955,1]],"asks":[[68771.6,16370,3],[68771.7,3344,1],[68771.8,3783,1],[68771.9,3606,1],[68772,3526,1],[68772.1,3362,1],[68772.2,8851,3],[68772.3,3458,1],[68772.4,100647,2],[68772.5,4089,1],[68772.6,9699,3],[68772.7,6815,2],[68772.8,9520,3],[68772.9,6118,2],[68773,7154,2],[68773.1,1304,1],[68773.4,3464,1],[68773.5,3567,1],[68773.6,4414,1],[68773.7,4044,1]]},{"timestamp":1771002481992,"version":32472220400,"bids":[[68770,300,1],[68766.3,14816,2],[68766.2,8346,2],[68766.1,3757,1],[68765.8,4365,1],[68765.7,4224,1],[68765.6,3614,1],[68765.5,3729,1],[68765.4,100264,2],[68765.3,19793,2],[68765.2,3453,1],[68765.1,3944,2],[68765,3510,1],[68764.9,3508,1],[68764.8,3940,1],[68764.7,4242,1],[68764.6,4993,2],[68764.5,4085,1],[68764.4,4033,1],[68764.3,3735,1]],"asks":[[68770.1,12796,6],[68770.2,3742,1],[68770.3,4372,1],[68770.4,9492,3],[68770.5,3881,1],[68770.6,4297,1],[68770.7,4325,1],[68770.8,3640,1],[68770.9,4793,1],[68771,4886,1],[68771.1,5950,2],[68771.2,4298,1],[68771.3,4710,1],[68771.4,4098,1],[68771.8,4751,1],[68771.9,3662,1],[68772,4517,1],[68772.1,3812,1],[68772.2,4521,1],[68772.3,3988,1]]},{"timestamp":1771002484230,"version":32472221995,"bids":[[68765.3,10648,1],[68765.1,29,1],[68761.3,72,1],[68760,239,2],[68759.9,11,2],[68759.8,1,1],[68759.4,2,1],[68759,1,1],[68758.9,10045,1],[68758.8,3797,1],[68758.7,4380,1],[68758.6,3889,1],[68758.5,3934,1],[68758.4,4366,1],[68758.3,4421,1],[68758.2,4380,1],[68758.1,3821,1],[68758,100688,2],[68757.9,3370,1],[68757.8,4304,1]],"asks":[[68765.4,9794,6],[68765.7,2412,1],[68765.8,2631,2],[68765.9,2858,1],[68766,2746,1],[68766.1,2700,1],[68766.2,2812,1],[68766.3,2909,1],[68766.4,2503,1],[68766.5,2884,1],[68766.6,2660,1],[68766.7,3590,2],[68766.8,2795,1],[68766.9,2303,1],[68767,2917,1],[68767.1,2745,1],[68767.2,2985,1],[68767.3,2645,1],[68767.4,2241,1],[68767.5,2536,1]]},{"timestamp":1771002486573,"version":32472227205,"bids":[[68750.6,14957,1],[68750,10343,22],[68748.4,2,1],[68748,1,1],[68745.6,6,2],[68745.3,2,1],[68745,342,1],[68744,14,2],[68743.9,91,1],[68743.8,1,1],[68743.2,1,1],[68743,2,1],[68741,14,1],[68740,1824,3],[68738.7,1,1],[68737.9,4837,2],[68737.8,5009,2],[68737.7,5550,3],[68737.6,2597,1],[68737.5,2851,1]],"asks":[[68750.7,8830,8],[68751.7,2518,1],[68751.8,5085,2],[68751.9,5752,2],[68752,2827,1],[68752.4,2780,1],[68752.5,2319,1],[68752.6,9836,5],[68752.7,2686,1],[68752.8,2597,1],[68752.9,2851,1],[68753,2391,1],[68753.1,2881,1],[68753.2,2736,1],[68753.3,2329,1],[68753.4,2629,1],[68753.5,2690,1],[68753.6,2766,1],[68753.7,2746,1],[68753.8,2583,1]]},{"timestamp":1771002488792,"version":32472231920,"bids":[[68748.9,10555,1],[68748.8,3339,1],[68748.7,3720,1],[68748.6,3361,1],[68748.5,3568,1],[68748.4,4282,1],[68748.3,4431,1],[68748.2,4376,1],[68748.1,4413,1],[68748,101180,2],[68747.9,1304,1],[68747.6,4486,1],[68747.5,3514,1],[68747.4,4188,1],[68747.3,3890,1],[68747.2,3508,1],[68747.1,4135,1],[68747,4166,1],[68746.9,3648,1],[68746.8,3991,1]],"asks":[[68749,10555,1],[68749.1,3339,1],[68749.2,3720,1],[68749.3,3601,1],[68749.4,4343,1],[68749.5,4257,1],[68749.6,3739,1],[68749.7,4414,1],[68749.8,100624,2],[68749.9,4493,1],[68750,3859,1],[68750.1,3719,1],[68750.2,3468,1],[68750.3,4498,1],[68750.4,4089,1],[68750.5,3468,1],[68750.6,6868,2],[68750.7,4346,1],[68750.8,4200,1],[68750.9,3722,1]]},{"timestamp":1771002491101,"version":32472235680,"bids":[[68747.2,5857,5],[68747.1,1304,1],[68747,2440,1],[68746.9,10285,1],[68746.8,4176,1],[68746.7,4464,1],[68746.6,3464,1],[68746.5,4378,1],[68746.4,3950,1],[68746.3,4089,1],[68746.2,4154,1],[68746.1,4019,1],[68746,101237,2],[68745.9,4170,1],[68745.8,3847,1],[68745.7,5055,2],[68745.6,3674,1],[68745.5,3598,1],[68745.4,3627,1],[68745.3,3435,1]],"asks":[[68747.3,3464,1],[68747.4,4378,1],[68747.5,3950,1],[68747.6,4089,1],[68747.7,4154,1],[68747.8,100805,2],[68747.9,4451,1],[68748,4170,1],[68748.1,3847,1],[68748.2,3751,1],[68748.3,3674,1],[68748.4,3598,1],[68748.5,3627,1],[68748.6,3435,1],[68748.7,3706,1],[68748.8,4118,1],[68748.9,3597,1],[68749,4461,1],[68749.1,3875,1],[68749.2,4220,1]]},{"timestamp":1771002493254,"version":32472236220,"bids":[[68746.9,10292,1],[68746.8,4361,1],[68746.7,3403,1],[68746.6,4155,1],[68746.5,3820,1],[68746.4,4164,1],[68746.3,3439,1],[68746.2,4310,1],[68746.1,4309,1],[68746,101097,2],[68745.9,3391,1],[68745.8,4438,1],[68745.7,3540,1],[68745.6,3807,1],[68745.5,3666,1],[68745.4,4429,1],[68745.3,4416,1],[68745.2,3355,1],[68745.1,3575,1],[68745,3711,1]],"asks":[[68747,10500,2],[68747.1,4361,1],[68747.2,3403,1],[68747.3,4155,1],[68747.4,3820,1],[68747.5,4164,1],[68747.6,3439,1],[68747.7,4310,1],[68747.8,101095,2],[68747.9,4311,1],[68748,3391,1],[68748.1,4438,1],[68748.2,3540,1],[68748.3,3807,1],[68748.4,3666,1],[68748.5,4429,1],[68748.6,4416,1],[68748.7,3355,1],[68748.8,3575,1],[68748.9,3711,1]]},{"timestamp":1771002495551,"version":32472239410,"bids":[[68731,14726,2],[68730.9,7864,2],[68730.8,8127,2],[68730.7,3801,1],[68730.5,3900,1],[68730.4,4074,1],[68730.3,4308,1],[68730.2,3512,1],[68730.1,100554,2],[68730,3442,4],[68729.9,3769,1],[68729.8,4311,1],[68729.7,4218,1],[68729.6,3833,2],[68729.5,3339,1],[68729.4,4153,1],[68729.3,4057,1],[68729,4332,2],[68728.9,3454,1],[68728.8,4404,1]],"asks":[[68731.1,10297,1],[68731.2,8859,3],[68731.3,9120,3],[68731.4,3996,2],[68731.5,9878,3],[68731.6,3952,1],[68731.7,4240,1],[68731.8,3448,1],[68731.9,103294,3],[68732,9145,3],[68732.1,2692,1],[68732.4,6127,2],[68732.5,4155,1],[68732.6,6541,2],[68732.7,4445,2],[68732.9,1304,1],[68733.4,3890,1],[68733.7,9057,2],[68733.8,7475,2],[68733.9,8379,2]]},{"timestamp":1771002497858,"version":32472239995,"bids":[[68731,9209,1],[68730.9,3881,1],[68730.8,3956,1],[68730.7,4235,1],[68730.6,4054,1],[68730.5,4219,1],[68730.4,4085,1],[68730.3,4306,1],[68730.2,4486,1],[68730.1,101225,2],[68730,3461,4],[68729.9,3641,1],[68729.8,4228,1],[68729.7,4079,1],[68729.6,3895,2],[68729.5,3521,1],[68729.4,4388,1],[68729.3,4344,1],[68729.2,3844,1],[68729.1,4491,1]],"asks":[[68731.1,14585,3],[68731.2,6595,2],[68731.3,3956,1],[68731.4,4235,1],[68731.5,4054,1],[68731.6,4219,1],[68731.7,4085,1],[68731.8,4306,1],[68731.9,101295,2],[68732,5720,2],[68732.1,3442,1],[68732.2,3641,1],[68732.3,4228,1],[68732.4,4079,1],[68732.5,3894,1],[68732.6,3521,1],[68732.7,4388,1],[68732.8,4344,1],[68732.9,3844,1],[68733,4491,1]]},{"timestamp":1771002500173,"version":32472241985,"bids":[[68727.7,875,1],[68727.5,7633,2],[68727.4,6605,2],[68727.3,5129,2],[68727.2,4500,1],[68727.1,4310,1],[68727,4174,1],[68726.9,3479,1],[68726.8,100178,2],[68726.7,3828,1],[68726.6,3812,1],[68726.5,3513,1],[68726.4,4233,1],[68726.3,3917,1],[68726.2,3502,1],[68726.1,4211,1],[68726,4453,1],[68725.9,5390,2],[68725.8,3437,1],[68725.7,3685,1]],"asks":[[68727.8,9209,1],[68727.9,3672,1],[68728,4125,1],[68728.2,3825,1],[68728.3,4500,1],[68728.4,4310,1],[68728.5,4174,1],[68728.6,100292,2],[68728.7,3365,1],[68728.8,3828,1],[68728.9,3812,1],[68729,3513,1],[68729.1,4233,1],[68729.2,3917,1],[68729.3,3502,1],[68729.4,4211,1],[68729.5,4453,1],[68729.6,4086,1],[68729.7,3437,1],[68729.8,3685,1]]},{"timestamp":1771002502334,"version":32472244920,"bids":[[68724.4,8725,1],[68724.3,4146,1],[68724.2,7319,2],[68724.1,3385,1],[68724,5657,5],[68723.9,3405,1],[68723.8,4093,1],[68723.7,4008,1],[68723.6,4044,1],[68723.5,100588,2],[68723.4,3480,1],[68723.3,3642,1],[68723.2,3585,1],[68723.1,4206,1],[68723,3765,1],[68722.9,5131,2],[68722.8,4492,1],[68722.7,4494,1],[68722.6,3865,1],[68722.5,3359,1]],"asks":[[68724.5,8814,1],[68724.6,4146,1],[68724.7,3519,1],[68724.9,3800,1],[68725,3385,1],[68725.1,4019,1],[68725.2,3405,1],[68725.3,100911,2],[68725.4,4008,1],[68725.5,4044,1],[68725.6,3770,1],[68725.7,3480,1],[68725.8,3642,1],[68725.9,3585,1],[68726,4206,1],[68726.1,3765,1],[68726.2,3827,1],[68726.3,4492,1],[68726.4,4494,1],[68726.5,3865,1]]},{"timestamp":1771002504864,"version":32472247585,"bids":[[68717.8,8628,1],[68717.7,3488,1],[68717.6,3972,1],[68716.9,96827,1],[68716.4,1644,2],[68715.4,3582,1],[68715.3,3736,1],[68715.2,3344,1],[68715.1,10430,3],[68715,3473,1],[68714.9,8887,2],[68714.8,4141,1],[68714.7,8503,2],[68714.6,1304,1],[68714.5,4594,1],[68714.4,3518,1],[68714.3,4487,1],[68714.1,3973,2],[68714,5200,1],[68713.9,4178,1]],"asks":[[68717.9,8628,1],[68718,8064,3],[68718.1,8454,2],[68718.2,3581,1],[68718.3,4308,1],[68718.4,3448,1],[68718.5,4061,1],[68718.6,4370,1],[68718.7,101136,2],[68718.8,4183,1],[68718.9,3676,1],[68719,5582,2],[68719.1,4099,1],[68719.5,4122,1],[68719.6,4176,1],[68719.7,3568,1],[68719.8,4176,1],[68719.9,3694,1],[68720,3477,1],[68720.1,3603,1]]},{"timestamp":1771002507220,"version":32472248995,"bids":[[68716,14838,2],[68715.9,8015,2],[68715.8,8323,2],[68715.7,3765,1],[68715.6,4166,1],[68715.5,4490,1],[68715.4,4231,1],[68715.3,4221,1],[68715.2,3921,1],[68715.1,100791,2],[68714.7,4318,1],[68714.6,4501,1],[68714.5,3550,1],[68714.4,3346,1],[68714.3,3779,1],[68714.2,3522,1],[68714.1,3702,2],[68714,8802,2],[68713.9,4251,1],[68713.8,3575,1]],"asks":[[68716.1,10642,1],[68716.2,3962,1],[68716.3,5033,2],[68716.4,7512,2],[68716.5,6409,2],[68716.6,3616,1],[68716.7,3729,1],[68716.8,4448,1],[68716.9,100389,2],[68717,3633,1],[68717.1,3791,1],[68717.2,4142,2],[68717.3,3853,1],[68717.4,3510,1],[68717.5,4016,1],[68717.6,4273,1],[68717.7,5509,2],[68718.1,3810,1],[68718.2,3582,1],[68718.3,3907,1]]}]}},"trades":[{"p":68858.9,"v":7,"T":1,"O":3,"M":1,"t":1771002382076,"i":"13372448287"},{"p":68858.4,"v":22,"T":2,"O":1,"M":2,"t":1771002381943,"i":"13372448278"},{"p":68859.8,"v":321,"T":2,"O":1,"M":2,"t":1771002381943,"i":"13372448277"},{"p":68860,"v":904,"T":1,"O":1,"M":2,"t":1771002381566,"i":"13372448229"},{"p":68860,"v":1491,"T":1,"O":1,"M":2,"t":1771002381360,"i":"13372448221"},{"p":68859.9,"v":1184,"T":1,"O":3,"M":2,"t":1771002381360,"i":"13372448220"},{"p":68859.9,"v":2325,"T":1,"O":1,"M":2,"t":1771002381360,"i":"13372448219"},{"p":68859.9,"v":1660,"T":1,"O":3,"M":2,"t":1771002381222,"i":"13372448188"},{"p":68859.9,"v":5,"T":2,"O":3,"M":1,"t":1771002381077,"i":"13372448142"},{"p":68859.8,"v":47,"T":2,"O":1,"M":2,"t":1771002380860,"i":"13372448119"},{"p":68859.8,"v":117,"T":2,"O":1,"M":2,"t":1771002380860,"i":"13372448118"},{"p":68859.9,"v":19,"T":1,"O":1,"M":2,"t":1771002380731,"i":"13372448107"},{"p":68860,"v":5,"T":1,"O":2,"M":2,"t":1771002379879,"i":"13372447894"},{"p":68859.9,"v":58,"T":1,"O":3,"M":2,"t":1771002379415,"i":"13372447823"},{"p":68859.9,"v":189,"T":1,"O":3,"M":2,"t":1771002379186,"i":"13372447774"},{"p":68859.8,"v":718,"T":2,"O":2,"M":2,"t":1771002379066,"i":"13372447754"},{"p":68856.7,"v":144,"T":1,"O":2,"M":2,"t":1771002379005,"i":"13372447750"},{"p":68856.7,"v":2,"T":1,"O":2,"M":2,"t":1771002378834,"i":"13372447712"},{"p":68856.6,"v":358,"T":2,"O":3,"M":2,"t":1771002378321,"i":"13372447647"},{"p":68856.4,"v":7,"T":1,"O":3,"M":1,"t":1771002378077,"i":"13372447573"},{"p":68855.9,"v":97,"T":2,"O":3,"M":2,"t":1771002377806,"i":"13372447546"},{"p":68857.2,"v":7,"T":1,"O":3,"M":1,"t":1771002377577,"i":"13372447513"},{"p":68857.2,"v":2,"T":2,"O":3,"M":1,"t":1771002377577,"i":"13372447511"},{"p":68857.2,"v":4,"T":2,"O":3,"M":1,"t":1771002377577,"i":"13372447510"},{"p":68857.2,"v":8,"T":2,"O":3,"M":1,"t":1771002377575,"i":"13372447509"},{"p":68857.1,"v":76,"T":2,"O":1,"M":2,"t":1771002377330,"i":"13372447492"},{"p":68855.9,"v":25,"T":2,"O":1,"M":2,"t":1771002377038,"i":"13372447432"},{"p":68857.2,"v":205,"T":1,"O":2,"M":2,"t":1771002376997,"i":"13372447431"},{"p":68856,"v":1,"T":1,"O":3,"M":2,"t":1771002376997,"i":"13372447430"},{"p":68855.9,"v":85,"T":2,"O":1,"M":2,"t":1771002376820,"i":"13372447413"},{"p":68855.9,"v":147,"T":2,"O":3,"M":2,"t":1771002376076,"i":"13372447220"},{"p":68851.1,"v":369,"T":1,"O":3,"M":2,"t":1771002375717,"i":"13372447175"},{"p":68851,"v":4,"T":2,"O":3,"M":2,"t":1771002375674,"i":"13372447169"},{"p":68851.1,"v":321,"T":1,"O":1,"M":2,"t":1771002375530,"i":"13372447157"},{"p":68851,"v":5,"T":2,"O":3,"M":2,"t":1771002375503,"i":"13372447153"},{"p":68848.7,"v":11,"T":2,"O":3,"M":1,"t":1771002375077,"i":"13372447023"},{"p":68851,"v":359,"T":2,"O":1,"M":2,"t":1771002374806,"i":"13372446988"},{"p":68844.4,"v":5,"T":1,"O":3,"M":1,"t":1771002374077,"i":"13372446846"},{"p":68844.3,"v":58,"T":2,"O":3,"M":2,"t":1771002373965,"i":"13372446817"},{"p":68839,"v":202,"T":2,"O":3,"M":2,"t":1771002373450,"i":"13372446752"},{"p":68839.1,"v":775,"T":1,"O":3,"M":2,"t":1771002373445,"i":"13372446751"},{"p":68836.5,"v":1175,"T":2,"O":2,"M":2,"t":1771002373242,"i":"13372446705"},{"p":68833.6,"v":58,"T":2,"O":3,"M":2,"t":1771002373209,"i":"13372446695"},{"p":68833,"v":7,"T":2,"O":3,"M":1,"t":1771002373078,"i":"13372446652"},{"p":68833,"v":2,"T":2,"O":3,"M":1,"t":1771002373078,"i":"13372446651"},{"p":68833.1,"v":82,"T":1,"O":1,"M":2,"t":1771002372732,"i":"13372446639"},{"p":68833,"v":312,"T":2,"O":1,"M":2,"t":1771002372502,"i":"13372446540"},{"p":68833,"v":209,"T":2,"O":1,"M":2,"t":1771002372421,"i":"13372446538"},{"p":68833,"v":726,"T":2,"O":1,"M":2,"t":1771002372416,"i":"13372446536"},{"p":68833,"v":2173,"T":2,"O":1,"M":2,"t":1771002372188,"i":"13372446452"},{"p":68834.4,"v":5,"T":2,"O":3,"M":2,"t":1771002372188,"i":"13372446451"},{"p":68834.4,"v":8,"T":2,"O":3,"M":1,"t":1771002372077,"i":"13372446404"},{"p":68834.5,"v":1287,"T":1,"O":1,"M":2,"t":1771002371933,"i":"13372446357"},{"p":68835.4,"v":13,"T":1,"O":3,"M":1,"t":1771002371584,"i":"13372446317"},{"p":68835.5,"v":1340,"T":1,"O":1,"M":2,"t":1771002371517,"i":"13372446303"},{"p":68835.5,"v":8974,"T":1,"O":3,"M":2,"t":1771002371517,"i":"13372446302"},{"p":68835.4,"v":445,"T":2,"O":3,"M":2,"t":1771002371404,"i":"13372446299"},{"p":68835.4,"v":100,"T":2,"O":3,"M":2,"t":1771002371155,"i":"13372446241"},{"p":68839,"v":3631,"T":2,"O":3,"M":2,"t":1771002370329,"i":"13372446152"},{"p":68839,"v":3,"T":2,"O":3,"M":1,"t":1771002370076,"i":"13372446084"},{"p":68839,"v":6,"T":2,"O":3,"M":1,"t":1771002370076,"i":"13372446083"},{"p":68839,"v":2,"T":2,"O":3,"M":1,"t":1771002370076,"i":"13372446082"},{"p":68835.4,"v":16,"T":2,"O":3,"M":2,"t":1771002369717,"i":"13372446037"},{"p":68840.1,"v":11,"T":1,"O":3,"M":1,"t":1771002369576,"i":"13372446012"},{"p":68835.4,"v":444,"T":2,"O":3,"M":2,"t":1771002369546,"i":"13372446007"},{"p":68837.6,"v":8,"T":2,"O":1,"M":2,"t":1771002369546,"i":"13372446006"},{"p":68837.8,"v":5,"T":2,"O":3,"M":2,"t":1771002369546,"i":"13372446005"},{"p":68839.3,"v":132,"T":2,"O":1,"M":2,"t":1771002369546,"i":"13372446004"},{"p":68840,"v":1,"T":2,"O":1,"M":2,"t":1771002369546,"i":"13372446003"},{"p":68840,"v":5,"T":2,"O":1,"M":2,"t":1771002369546,"i":"13372446002"},{"p":68840,"v":1,"T":2,"O":3,"M":2,"t":1771002369546,"i":"13372446001"},{"p":68840.1,"v":592,"T":1,"O":3,"M":2,"t":1771002369316,"i":"13372445951"},{"p":68840,"v":7,"T":2,"O":3,"M":1,"t":1771002369077,"i":"13372445868"},{"p":68840.1,"v":67,"T":2,"O":1,"M":2,"t":1771002368820,"i":"13372445837"},{"p":68841,"v":19185,"T":1,"O":1,"M":2,"t":1771002368741,"i":"13372445823"},{"p":68841,"v":4225,"T":1,"O":1,"M":2,"t":1771002368741,"i":"13372445822"},{"p":68840.9,"v":3661,"T":1,"O":1,"M":2,"t":1771002368741,"i":"13372445821"},{"p":68840.8,"v":3502,"T":1,"O":1,"M":2,"t":1771002368741,"i":"13372445820"},{"p":68840.7,"v":4403,"T":1,"O":1,"M":2,"t":1771002368741,"i":"13372445819"},{"p":68840.4,"v":4027,"T":1,"O":3,"M":2,"t":1771002368741,"i":"13372445818"},{"p":68840.3,"v":4414,"T":1,"O":3,"M":2,"t":1771002368741,"i":"13372445817"},{"p":68840.2,"v":10114,"T":1,"O":3,"M":2,"t":1771002368741,"i":"13372445816"},{"p":68842.8,"v":17,"T":2,"O":1,"M":2,"t":1771002368623,"i":"13372445789"},{"p":68846.2,"v":201,"T":2,"O":3,"M":2,"t":1771002368121,"i":"13372445646"},{"p":68851.1,"v":5,"T":1,"O":3,"M":1,"t":1771002368077,"i":"13372445643"},{"p":68851,"v":51,"T":2,"O":3,"M":2,"t":1771002367779,"i":"13372445603"},{"p":68851.1,"v":1720,"T":1,"O":3,"M":2,"t":1771002367667,"i":"13372445574"},{"p":68851.1,"v":1155,"T":1,"O":3,"M":2,"t":1771002367621,"i":"13372445502"},{"p":68856.1,"v":1,"T":1,"O":1,"M":2,"t":1771002367329,"i":"13372445457"},{"p":68852.2,"v":9,"T":2,"O":1,"M":2,"t":1771002367311,"i":"13372445456"},{"p":68856,"v":1,"T":2,"O":3,"M":2,"t":1771002367311,"i":"13372445455"},{"p":68856.1,"v":103,"T":1,"O":3,"M":2,"t":1771002367290,"i":"13372445446"},{"p":68859.8,"v":6,"T":2,"O":3,"M":2,"t":1771002367247,"i":"13372445436"},{"p":68860,"v":5,"T":2,"O":3,"M":2,"t":1771002367247,"i":"13372445435"},{"p":68865.3,"v":7,"T":1,"O":1,"M":2,"t":1771002366950,"i":"13372445352"},{"p":68865.2,"v":500,"T":2,"O":3,"M":2,"t":1771002366886,"i":"13372445342"},{"p":68865.2,"v":43,"T":2,"O":2,"M":2,"t":1771002366798,"i":"13372445339"},{"p":68865.2,"v":1070,"T":2,"O":3,"M":2,"t":1771002366667,"i":"13372445325"},{"p":68865.3,"v":1288,"T":1,"O":3,"M":2,"t":1771002366493,"i":"13372445288"},{"p":68865.2,"v":4460,"T":2,"O":2,"M":2,"t":1771002366173,"i":"13372445204"}],"klines":{"1m":[{"ts":"2026-02-13T13:07:00Z","o":67071.0,"h":67071.1,"l":66929.3,"c":66938.9,"v":733210.0},{"ts":"2026-02-13T13:08:00Z","o":66938.9,"h":66968.7,"l":66907.9,"c":66938.0,"v":553524.0},{"ts":"2026-02-13T13:09:00Z","o":66938.0,"h":66978.7,"l":66916.5,"c":66947.3,"v":454861.0},{"ts":"2026-02-13T13:10:00Z","o":66947.3,"h":66960.2,"l":66930.4,"c":66945.2,"v":337633.0},{"ts":"2026-02-13T13:11:00Z","o":66945.2,"h":66970.9,"l":66922.5,"c":66940.4,"v":364599.0},{"ts":"2026-02-13T13:12:00Z","o":66940.4,"h":66960.8,"l":66925.6,"c":66948.0,"v":238109.0},{"ts":"2026-02-13T13:13:00Z","o":66948.0,"h":66983.0,"l":66927.6,"c":66927.6,"v":674218.0},{"ts":"2026-02-13T13:14:00Z","o":66927.6,"h":66945.5,"l":66913.3,"c":66939.6,"v":280486.0},{"ts":"2026-02-13T13:15:00Z","o":66939.6,"h":66997.9,"l":66939.6,"c":66983.6,"v":360423.0},{"ts":"2026-02-13T13:16:00Z","o":66983.6,"h":67000.1,"l":66953.5,"c":66999.8,"v":465183.0},{"ts":"2026-02-13T13:17:00Z","o":66999.8,"h":67062.5,"l":66979.1,"c":67062.5,"v":372468.0},{"ts":"2026-02-13T13:18:00Z","o":67062.5,"h":67078.2,"l":67050.3,"c":67050.3,"v":547500.0},{"ts":"2026-02-13T13:19:00Z","o":67050.3,"h":67083.0,"l":67050.3,"c":67059.9,"v":294552.0},{"ts":"2026-02-13T13:20:00Z","o":67059.9,"h":67065.6,"l":67034.3,"c":67048.6,"v":312469.0},{"ts":"2026-02-13T13:21:00Z","o":67048.6,"h":67049.7,"l":67002.4,"c":67003.7,"v":137833.0},{"ts":"2026-02-13T13:22:00Z","o":67003.7,"h":67080.0,"l":66984.2,"c":67079.1,"v":443923.0},{"ts":"2026-02-13T13:23:00Z","o":67079.1,"h":67107.7,"l":67066.6,"c":67107.7,"v":323827.0},{"ts":"2026-02-13T13:24:00Z","o":67107.7,"h":67246.2,"l":67107.6,"c":67200.0,"v":1689470.0},{"ts":"2026-02-13T13:25:00Z","o":67200.0,"h":67341.0,"l":67194.4,"c":67243.9,"v":2272662.0},{"ts":"2026-02-13T13:26:00Z","o":67243.9,"h":67294.8,"l":67234.4,"c":67284.7,"v":554798.0},{"ts":"2026-02-13T13:27:00Z","o":67284.7,"h":67287.6,"l":67240.2,"c":67243.6,"v":615926.0},{"ts":"2026-02-13T13:28:00Z","o":67243.6,"h":67299.4,"l":67243.5,"c":67279.7,"v":356548.0},{"ts":"2026-02-13T13:29:00Z","o":67279.7,"h":67382.9,"l":67248.4,"c":67304.4,"v":1065182.0},{"ts":"2026-02-13T13:30:00Z","o":67304.4,"h":67595.8,"l":67286.8,"c":67316.1,"v":6952692.0},{"ts":"2026-02-13T13:31:00Z","o":67316.1,"h":67474.2,"l":67286.3,"c":67431.2,"v":1292041.0},{"ts":"2026-02-13T13:32:00Z","o":67431.2,"h":67512.0,"l":67317.7,"c":67356.0,"v":1235589.0},{"ts":"2026-02-13T13:33:00Z","o":67356.0,"h":67498.0,"l":67328.3,"c":67498.0,"v":588298.0},{"ts":"2026-02-13T13:34:00Z","o":67498.0,"h":67531.7,"l":67425.4,"c":67479.8,"v":1615321.0},{"ts":"2026-02-13T13:35:00Z","o":67479.8,"h":67479.8,"l":67343.8,"c":67430.0,"v":1498349.0},{"ts":"2026-02-13T13:36:00Z","o":67430.0,"h":67436.5,"l":67268.4,"c":67304.2,"v":1076409.0},{"ts":"2026-02-13T13:37:00Z","o":67304.2,"h":67337.6,"l":67263.3,"c":67331.8,"v":468842.0},{"ts":"2026-02-13T13:38:00Z","o":67331.8,"h":67345.6,"l":67239.0,"c":67241.5,"v":676575.0},{"ts":"2026-02-13T13:39:00Z","o":67241.5,"h":67328.3,"l":67206.5,"c":67270.9,"v":687174.0},{"ts":"2026-02-13T13:40:00Z","o":67270.9,"h":67287.9,"l":67163.1,"c":67201.9,"v":705835.0},{"ts":"2026-02-13T13:41:00Z","o":67201.9,"h":67324.8,"l":67201.9,"c":67306.8,"v":959144.0},{"ts":"2026-02-13T13:42:00Z","o":67306.8,"h":67360.9,"l":67201.7,"c":67239.9,"v":615337.0},{"ts":"2026-02-13T13:43:00Z","o":67239.9,"h":67326.0,"l":67239.9,"c":67326.0,"v":553223.0},{"ts":"2026-02-13T13:44:00Z","o":67326.0,"h":67330.0,"l":67252.6,"c":67292.9,"v":415884.0},{"ts":"2026-02-13T13:45:00Z","o":67292.9,"h":67316.3,"l":67201.4,"c":67211.7,"v":1566745.0},{"ts":"2026-02-13T13:46:00Z","o":67211.7,"h":67241.4,"l":67110.0,"c":67172.9,"v":890947.0},{"ts":"2026-02-13T13:47:00Z","o":67172.9,"h":67176.0,"l":67111.8,"c":67136.2,"v":494266.0},{"ts":"2026-02-13T13:48:00Z","o":67136.2,"h":67159.9,"l":67079.1,"c":67109.2,"v":772687.0},{"ts":"2026-02-13T13:49:00Z","o":67109.2,"h":67263.3,"l":67105.4,"c":67250.7,"v":962514.0},{"ts":"2026-02-13T13:50:00Z","o":67250.7,"h":67324.8,"l":67228.6,"c":67266.1,"v":1747522.0},{"ts":"2026-02-13T13:51:00Z","o":67266.1,"h":67324.4,"l":67260.0,"c":67300.2,"v":437232.0},{"ts":"2026-02-13T13:52:00Z","o":67300.2,"h":67357.7,"l":67276.5,"c":67349.9,"v":465170.0},{"ts":"2026-02-13T13:53:00Z","o":67349.9,"h":67381.5,"l":67333.7,"c":67347.1,"v":563059.0},{"ts":"2026-02-13T13:54:00Z","o":67347.1,"h":67349.8,"l":67320.0,"c":67320.1,"v":397370.0},{"ts":"2026-02-13T13:55:00Z","o":67320.1,"h":67358.3,"l":67320.0,"c":67342.7,"v":199972.0},{"ts":"2026-02-13T13:56:00Z","o":67342.7,"h":67387.7,"l":67305.0,"c":67308.7,"v":575024.0},{"ts":"2026-02-13T13:57:00Z","o":67308.7,"h":67333.1,"l":67263.3,"c":67266.3,"v":513294.0},{"ts":"2026-02-13T13:58:00Z","o":67266.3,"h":67303.0,"l":67235.6,"c":67288.3,"v":420034.0},{"ts":"2026-02-13T13:59:00Z","o":67288.3,"h":67307.2,"l":67236.9,"c":67238.1,"v":223085.0},{"ts":"2026-02-13T14:00:00Z","o":67238.1,"h":67242.7,"l":67200.5,"c":67223.9,"v":628778.0},{"ts":"2026-02-13T14:01:00Z","o":67223.9,"h":67265.6,"l":67217.3,"c":67251.5,"v":169541.0},{"ts":"2026-02-13T14:02:00Z","o":67251.5,"h":67280.1,"l":67199.5,"c":67240.0,"v":396039.0},{"ts":"2026-02-13T14:03:00Z","o":67240.0,"h":67257.7,"l":67189.8,"c":67197.4,"v":299631.0},{"ts":"2026-02-13T14:04:00Z","o":67197.4,"h":67197.4,"l":67115.4,"c":67138.7,"v":555569.0},{"ts":"2026-02-13T14:05:00Z","o":67138.7,"h":67190.5,"l":67100.0,"c":67154.0,"v":426649.0},{"ts":"2026-02-13T14:06:00Z","o":67154.0,"h":67177.1,"l":67100.1,"c":67158.4,"v":262330.0},{"ts":"2026-02-13T14:07:00Z","o":67158.4,"h":67158.4,"l":67094.4,"c":67149.2,"v":274538.0},{"ts":"2026-02-13T14:08:00Z","o":67149.2,"h":67194.4,"l":67149.2,"c":67180.4,"v":329054.0},{"ts":"2026-02-13T14:09:00Z","o":67180.4,"h":67229.8,"l":67180.4,"c":67193.0,"v":302690.0},{"ts":"2026-02-13T14:10:00Z","o":67193.0,"h":67258.5,"l":67191.7,"c":67258.5,"v":377005.0},{"ts":"2026-02-13T14:11:00Z","o":67258.5,"h":67276.2,"l":67235.7,"c":67246.3,"v":348623.0},{"ts":"2026-02-13T14:12:00Z","o":67246.3,"h":67246.6,"l":67187.7,"c":67220.9,"v":159967.0},{"ts":"2026-02-13T14:13:00Z","o":67220.9,"h":67221.0,"l":67128.9,"c":67146.2,"v":448731.0},{"ts":"2026-02-13T14:14:00Z","o":67146.2,"h":67160.6,"l":67111.7,"c":67127.5,"v":406991.0},{"ts":"2026-02-13T14:15:00Z","o":67127.5,"h":67174.8,"l":67127.5,"c":67174.7,"v":307938.0},{"ts":"2026-02-13T14:16:00Z","o":67174.7,"h":67231.9,"l":67163.5,"c":67231.8,"v":373421.0},{"ts":"2026-02-13T14:17:00Z","o":67231.8,"h":67295.7,"l":67205.8,"c":67294.2,"v":510401.0},{"ts":"2026-02-13T14:18:00Z","o":67294.2,"h":67336.7,"l":67291.9,"c":67319.0,"v":570491.0},{"ts":"2026-02-13T14:19:00Z","o":67319.0,"h":67325.4,"l":67290.0,"c":67299.1,"v":177543.0},{"ts":"2026-02-13T14:20:00Z","o":67299.1,"h":67309.4,"l":67275.8,"c":67293.3,"v":237960.0},{"ts":"2026-02-13T14:21:00Z","o":67293.3,"h":67303.3,"l":67260.7,"c":67264.1,"v":358782.0},{"ts":"2026-02-13T14:22:00Z","o":67264.1,"h":67282.4,"l":67247.7,"c":67247.7,"v":168039.0},{"ts":"2026-02-13T14:23:00Z","o":67247.7,"h":67257.3,"l":67211.6,"c":67231.0,"v":285876.0},{"ts":"2026-02-13T14:24:00Z","o":67231.0,"h":67231.0,"l":67192.0,"c":67194.2,"v":246637.0},{"ts":"2026-02-13T14:25:00Z","o":67194.2,"h":67210.9,"l":67161.4,"c":67175.3,"v":268448.0},{"ts":"2026-02-13T14:26:00Z","o":67175.3,"h":67203.4,"l":67166.9,"c":67188.4,"v":241116.0},{"ts":"2026-02-13T14:27:00Z","o":67188.4,"h":67349.8,"l":67188.4,"c":67349.6,"v":516373.0},{"ts":"2026-02-13T14:28:00Z","o":67349.6,"h":67368.8,"l":67294.4,"c":67301.6,"v":469690.0},{"ts":"2026-02-13T14:29:00Z","o":67301.6,"h":67305.1,"l":67263.0,"c":67284.0,"v":318947.0},{"ts":"2026-02-13T14:30:00Z","o":67284.0,"h":67334.3,"l":67217.0,"c":67274.9,"v":438889.0},{"ts":"2026-02-13T14:31:00Z","o":67274.9,"h":67376.7,"l":67172.7,"c":67368.6,"v":604969.0},{"ts":"2026-02-13T14:32:00Z","o":67368.6,"h":67434.1,"l":67279.4,"c":67409.0,"v":830554.0},{"ts":"2026-02-13T14:33:00Z","o":67409.0,"h":67510.6,"l":67276.9,"c":67290.1,"v":1204544.0},{"ts":"2026-02-13T14:34:00Z","o":67290.1,"h":67557.4,"l":67284.9,"c":67510.1,"v":2113260.0},{"ts":"2026-02-13T14:35:00Z","o":67510.1,"h":67551.7,"l":67343.9,"c":67549.5,"v":1122949.0},{"ts":"2026-02-13T14:36:00Z","o":67549.5,"h":67556.1,"l":67391.7,"c":67405.9,"v":625512.0},{"ts":"2026-02-13T14:37:00Z","o":67405.9,"h":67500.0,"l":67339.6,"c":67353.0,"v":628691.0},{"ts":"2026-02-13T14:38:00Z","o":67353.0,"h":67547.9,"l":67264.7,"c":67547.8,"v":1448626.0},{"ts":"2026-02-13T14:39:00Z","o":67547.8,"h":67547.8,"l":67338.0,"c":67347.4,"v":1798022.0},{"ts":"2026-02-13T14:40:00Z","o":67347.4,"h":67358.9,"l":67099.9,"c":67099.9,"v":2236008.0},{"ts":"2026-02-13T14:41:00Z","o":67099.9,"h":67123.3,"l":66851.4,"c":66872.3,"v":3399815.0},{"ts":"2026-02-13T14:42:00Z","o":66872.3,"h":66930.5,"l":66833.9,"c":66922.2,"v":1332230.0},{"ts":"2026-02-13T14:43:00Z","o":66922.2,"h":67146.8,"l":66884.7,"c":67136.3,"v":1347798.0},{"ts":"2026-02-13T14:44:00Z","o":67136.3,"h":67301.0,"l":67084.4,"c":67301.0,"v":1563215.0},{"ts":"2026-02-13T14:45:00Z","o":67301.0,"h":67763.0,"l":67301.0,"c":67739.8,"v":3534991.0},{"ts":"2026-02-13T14:46:00Z","o":67739.8,"h":67749.6,"l":67605.5,"c":67715.3,"v":1818424.0},{"ts":"2026-02-13T14:47:00Z","o":67715.3,"h":67799.4,"l":67659.9,"c":67799.4,"v":1402385.0},{"ts":"2026-02-13T14:48:00Z","o":67799.4,"h":68000.0,"l":67799.3,"c":67844.2,"v":4323274.0},{"ts":"2026-02-13T14:49:00Z","o":67844.2,"h":67989.0,"l":67803.1,"c":67844.1,"v":2072704.0},{"ts":"2026-02-13T14:50:00Z","o":67844.1,"h":67888.0,"l":67584.3,"c":67776.0,"v":2323820.0},{"ts":"2026-02-13T14:51:00Z","o":67776.0,"h":67860.0,"l":67631.9,"c":67850.5,"v":1634678.0},{"ts":"2026-02-13T14:52:00Z","o":67850.5,"h":67868.8,"l":67641.8,"c":67734.2,"v":1033227.0},{"ts":"2026-02-13T14:53:00Z","o":67734.2,"h":67925.5,"l":67658.2,"c":67688.9,"v":1336426.0},{"ts":"2026-02-13T14:54:00Z","o":67688.9,"h":67759.8,"l":67631.6,"c":67654.0,"v":1381941.0},{"ts":"2026-02-13T14:55:00Z","o":67654.0,"h":67829.3,"l":67648.8,"c":67780.0,"v":975933.0},{"ts":"2026-02-13T14:56:00Z","o":67780.0,"h":67819.0,"l":67600.0,"c":67603.1,"v":911331.0},{"ts":"2026-02-13T14:57:00Z","o":67603.1,"h":67708.3,"l":67600.0,"c":67624.1,"v":1014568.0},{"ts":"2026-02-13T14:58:00Z","o":67624.1,"h":67720.0,"l":67602.1,"c":67690.3,"v":578741.0},{"ts":"2026-02-13T14:59:00Z","o":67690.3,"h":67719.4,"l":67642.1,"c":67700.7,"v":612426.0},{"ts":"2026-02-13T15:00:00Z","o":67700.7,"h":67850.0,"l":67700.7,"c":67817.3,"v":1558944.0},{"ts":"2026-02-13T15:01:00Z","o":67817.3,"h":67843.8,"l":67680.0,"c":67816.2,"v":976446.0},{"ts":"2026-02-13T15:02:00Z","o":67816.2,"h":68025.2,"l":67805.6,"c":68004.1,"v":2426625.0},{"ts":"2026-02-13T15:03:00Z","o":68004.1,"h":68036.0,"l":67771.3,"c":67773.3,"v":1705716.0},{"ts":"2026-02-13T15:04:00Z","o":67773.3,"h":67873.5,"l":67754.6,"c":67803.5,"v":781020.0},{"ts":"2026-02-13T15:05:00Z","o":67803.5,"h":67837.6,"l":67660.0,"c":67693.9,"v":1249689.0},{"ts":"2026-02-13T15:06:00Z","o":67693.9,"h":67852.9,"l":67672.1,"c":67840.9,"v":700821.0},{"ts":"2026-02-13T15:07:00Z","o":67840.9,"h":67849.4,"l":67659.6,"c":67722.7,"v":545045.0},{"ts":"2026-02-13T15:08:00Z","o":67722.7,"h":67906.8,"l":67707.9,"c":67898.5,"v":791598.0},{"ts":"2026-02-13T15:09:00Z","o":67898.5,"h":68223.0,"l":67890.0,"c":68219.8,"v":3917955.0},{"ts":"2026-02-13T15:10:00Z","o":68219.8,"h":68328.2,"l":68147.8,"c":68292.0,"v":3045452.0},{"ts":"2026-02-13T15:11:00Z","o":68292.0,"h":68489.9,"l":68255.4,"c":68487.2,"v":3561613.0},{"ts":"2026-02-13T15:12:00Z","o":68487.2,"h":68577.2,"l":68316.9,"c":68327.2,"v":2841505.0},{"ts":"2026-02-13T15:13:00Z","o":68327.2,"h":68489.5,"l":68320.0,"c":68440.0,"v":1198987.0},{"ts":"2026-02-13T15:14:00Z","o":68440.0,"h":68473.4,"l":68289.1,"c":68341.8,"v":1253911.0},{"ts":"2026-02-13T15:15:00Z","o":68341.8,"h":68540.0,"l":68324.0,"c":68505.5,"v":919840.0},{"ts":"2026-02-13T15:16:00Z","o":68505.5,"h":68547.0,"l":68282.0,"c":68282.1,"v":1281309.0},{"ts":"2026-02-13T15:17:00Z","o":68282.1,"h":68348.5,"l":68185.9,"c":68218.7,"v":1422720.0},{"ts":"2026-02-13T15:18:00Z","o":68218.7,"h":68277.4,"l":68177.8,"c":68245.0,"v":1022029.0},{"ts":"2026-02-13T15:19:00Z","o":68245.0,"h":68278.2,"l":68175.0,"c":68201.9,"v":1017743.0},{"ts":"2026-02-13T15:20:00Z","o":68201.9,"h":68336.2,"l":68149.1,"c":68336.0,"v":1397041.0},{"ts":"2026-02-13T15:21:00Z","o":68336.0,"h":68336.0,"l":68160.5,"c":68172.7,"v":728970.0},{"ts":"2026-02-13T15:22:00Z","o":68172.7,"h":68220.3,"l":68092.4,"c":68124.2,"v":1014133.0},{"ts":"2026-02-13T15:23:00Z","o":68124.2,"h":68288.5,"l":68113.3,"c":68258.4,"v":978257.0},{"ts":"2026-02-13T15:24:00Z","o":68258.4,"h":68293.7,"l":68174.0,"c":68292.8,"v":340085.0},{"ts":"2026-02-13T15:25:00Z","o":68292.8,"h":68496.4,"l":68256.2,"c":68470.0,"v":1514401.0},{"ts":"2026-02-13T15:26:00Z","o":68470.0,"h":68695.0,"l":68461.1,"c":68690.1,"v":2312781.0},{"ts":"2026-02-13T15:27:00Z","o":68690.1,"h":68757.2,"l":68603.6,"c":68652.7,"v":2591289.0},{"ts":"2026-02-13T15:28:00Z","o":68652.7,"h":68856.7,"l":68621.3,"c":68812.2,"v":2128316.0},{"ts":"2026-02-13T15:29:00Z","o":68812.2,"h":68888.0,"l":68764.5,"c":68861.6,"v":1789398.0},{"ts":"2026-02-13T15:30:00Z","o":68861.6,"h":68969.2,"l":68844.5,"c":68968.8,"v":2239360.0},{"ts":"2026-02-13T15:31:00Z","o":68968.8,"h":68999.9,"l":68842.1,"c":68850.8,"v":2041060.0},{"ts":"2026-02-13T15:32:00Z","o":68850.8,"h":69098.7,"l":68850.8,"c":69093.4,"v":2531130.0},{"ts":"2026-02-13T15:33:00Z","o":69093.4,"h":69192.7,"l":69065.4,"c":69145.5,"v":2951509.0},{"ts":"2026-02-13T15:34:00Z","o":69145.5,"h":69149.9,"l":68985.7,"c":69023.9,"v":1135804.0},{"ts":"2026-02-13T15:35:00Z","o":69023.9,"h":69138.6,"l":68919.7,"c":69134.9,"v":1374118.0},{"ts":"2026-02-13T15:36:00Z","o":69134.9,"h":69223.4,"l":69072.4,"c":69216.4,"v":1889848.0},{"ts":"2026-02-13T15:37:00Z","o":69216.4,"h":69273.2,"l":69052.5,"c":69119.5,"v":3253004.0},{"ts":"2026-02-13T15:38:00Z","o":69119.5,"h":69125.1,"l":68949.6,"c":69003.1,"v":1775981.0},{"ts":"2026-02-13T15:39:00Z","o":69003.1,"h":69014.1,"l":68911.0,"c":68920.4,"v":1598938.0},{"ts":"2026-02-13T15:40:00Z","o":68920.4,"h":68921.6,"l":68774.0,"c":68918.8,"v":2102012.0},{"ts":"2026-02-13T15:41:00Z","o":68918.8,"h":68946.6,"l":68831.1,"c":68888.8,"v":1289210.0},{"ts":"2026-02-13T15:42:00Z","o":68888.8,"h":68965.7,"l":68834.3,"c":68838.5,"v":1029462.0},{"ts":"2026-02-13T15:43:00Z","o":68838.5,"h":68853.9,"l":68720.0,"c":68731.1,"v":2665740.0},{"ts":"2026-02-13T15:44:00Z","o":68731.1,"h":68755.8,"l":68680.0,"c":68686.7,"v":1002885.0},{"ts":"2026-02-13T15:45:00Z","o":68686.7,"h":68756.8,"l":68586.0,"c":68622.6,"v":1705733.0},{"ts":"2026-02-13T15:46:00Z","o":68622.6,"h":68678.0,"l":68559.2,"c":68562.6,"v":1366661.0},{"ts":"2026-02-13T15:47:00Z","o":68562.6,"h":68562.7,"l":68416.0,"c":68463.8,"v":2402659.0},{"ts":"2026-02-13T15:48:00Z","o":68463.8,"h":68628.0,"l":68440.1,"c":68490.1,"v":1497395.0},{"ts":"2026-02-13T15:49:00Z","o":68490.1,"h":68490.1,"l":68335.7,"c":68387.6,"v":2173028.0},{"ts":"2026-02-13T15:50:00Z","o":68387.6,"h":68594.4,"l":68366.2,"c":68594.3,"v":1402933.0},{"ts":"2026-02-13T15:51:00Z","o":68594.3,"h":68670.1,"l":68572.9,"c":68665.3,"v":1712652.0},{"ts":"2026-02-13T15:52:00Z","o":68665.3,"h":68679.5,"l":68582.6,"c":68609.9,"v":474449.0},{"ts":"2026-02-13T15:53:00Z","o":68609.9,"h":68629.2,"l":68549.8,"c":68590.0,"v":654888.0},{"ts":"2026-02-13T15:54:00Z","o":68590.0,"h":68640.9,"l":68540.0,"c":68589.9,"v":608855.0},{"ts":"2026-02-13T15:55:00Z","o":68589.9,"h":68659.8,"l":68559.0,"c":68635.2,"v":671211.0},{"ts":"2026-02-13T15:56:00Z","o":68635.2,"h":68647.9,"l":68461.3,"c":68461.3,"v":795359.0},{"ts":"2026-02-13T15:57:00Z","o":68461.3,"h":68581.2,"l":68426.5,"c":68484.2,"v":741622.0},{"ts":"2026-02-13T15:58:00Z","o":68484.2,"h":68573.8,"l":68484.2,"c":68551.8,"v":525465.0},{"ts":"2026-02-13T15:59:00Z","o":68551.8,"h":68679.6,"l":68493.1,"c":68652.4,"v":728162.0},{"ts":"2026-02-13T16:00:00Z","o":68652.4,"h":68695.0,"l":68560.9,"c":68570.2,"v":1264692.0},{"ts":"2026-02-13T16:01:00Z","o":68570.2,"h":68700.0,"l":68526.0,"c":68700.0,"v":952522.0},{"ts":"2026-02-13T16:02:00Z","o":68700.0,"h":68755.9,"l":68545.6,"c":68545.6,"v":2480707.0},{"ts":"2026-02-13T16:03:00Z","o":68545.6,"h":68661.0,"l":68500.0,"c":68649.0,"v":800516.0},{"ts":"2026-02-13T16:04:00Z","o":68649.0,"h":68690.0,"l":68588.3,"c":68690.0,"v":1700553.0},{"ts":"2026-02-13T16:05:00Z","o":68690.0,"h":68837.8,"l":68683.5,"c":68836.5,"v":1256432.0},{"ts":"2026-02-13T16:06:00Z","o":68836.5,"h":68946.8,"l":68827.2,"c":68912.0,"v":1291959.0},{"ts":"2026-02-13T16:07:00Z","o":68912.0,"h":69041.7,"l":68893.2,"c":68973.7,"v":1491377.0},{"ts":"2026-02-13T16:08:00Z","o":68973.7,"h":69100.2,"l":68973.6,"c":69070.6,"v":1269294.0},{"ts":"2026-02-13T16:09:00Z","o":69070.6,"h":69119.3,"l":68981.0,"c":68996.6,"v":1075604.0},{"ts":"2026-02-13T16:10:00Z","o":68996.6,"h":69007.0,"l":68877.5,"c":68904.0,"v":1028930.0},{"ts":"2026-02-13T16:11:00Z","o":68904.0,"h":68930.8,"l":68867.3,"c":68908.4,"v":586620.0},{"ts":"2026-02-13T16:12:00Z","o":68908.4,"h":68943.3,"l":68780.0,"c":68833.3,"v":1028733.0},{"ts":"2026-02-13T16:13:00Z","o":68833.3,"h":68980.0,"l":68827.9,"c":68970.7,"v":577494.0},{"ts":"2026-02-13T16:14:00Z","o":68970.7,"h":69031.2,"l":68930.3,"c":69020.0,"v":611344.0},{"ts":"2026-02-13T16:15:00Z","o":69020.0,"h":69070.1,"l":68969.5,"c":69033.8,"v":774999.0},{"ts":"2026-02-13T16:16:00Z","o":69033.8,"h":69063.5,"l":68940.1,"c":68964.5,"v":557370.0},{"ts":"2026-02-13T16:17:00Z","o":68964.5,"h":69103.9,"l":68964.4,"c":69099.3,"v":1824346.0},{"ts":"2026-02-13T16:18:00Z","o":69099.3,"h":69132.0,"l":69016.0,"c":69034.5,"v":796125.0},{"ts":"2026-02-13T16:19:00Z","o":69034.5,"h":69072.7,"l":68933.5,"c":68933.5,"v":589145.0},{"ts":"2026-02-13T16:20:00Z","o":68933.5,"h":68992.9,"l":68863.1,"c":68863.1,"v":723331.0},{"ts":"2026-02-13T16:21:00Z","o":68863.1,"h":68898.8,"l":68835.5,"c":68898.8,"v":565527.0},{"ts":"2026-02-13T16:22:00Z","o":68898.8,"h":68912.3,"l":68866.5,"c":68890.1,"v":379152.0},{"ts":"2026-02-13T16:23:00Z","o":68890.1,"h":68893.8,"l":68806.0,"c":68806.1,"v":1686118.0},{"ts":"2026-02-13T16:24:00Z","o":68806.1,"h":68900.0,"l":68794.1,"c":68844.0,"v":456255.0},{"ts":"2026-02-13T16:25:00Z","o":68844.0,"h":68944.8,"l":68818.8,"c":68943.5,"v":844571.0},{"ts":"2026-02-13T16:26:00Z","o":68943.5,"h":69038.5,"l":68902.1,"c":69033.0,"v":646947.0},{"ts":"2026-02-13T16:27:00Z","o":69033.0,"h":69087.1,"l":68983.4,"c":69084.6,"v":968233.0},{"ts":"2026-02-13T16:28:00Z","o":69084.6,"h":69088.0,"l":69042.8,"c":69042.8,"v":536449.0},{"ts":"2026-02-13T16:29:00Z","o":69042.8,"h":69061.6,"l":68936.9,"c":69042.4,"v":735017.0},{"ts":"2026-02-13T16:30:00Z","o":69042.4,"h":69047.7,"l":68999.9,"c":69035.0,"v":369207.0},{"ts":"2026-02-13T16:31:00Z","o":69035.0,"h":69099.8,"l":68946.1,"c":69094.6,"v":486611.0},{"ts":"2026-02-13T16:32:00Z","o":69094.6,"h":69448.9,"l":69081.9,"c":69320.0,"v":4707916.0},{"ts":"2026-02-13T16:33:00Z","o":69320.0,"h":69400.0,"l":69281.3,"c":69321.7,"v":2290169.0},{"ts":"2026-02-13T16:34:00Z","o":69321.7,"h":69321.7,"l":69093.5,"c":69153.0,"v":1010407.0},{"ts":"2026-02-13T16:35:00Z","o":69153.0,"h":69214.9,"l":69144.0,"c":69161.7,"v":667048.0},{"ts":"2026-02-13T16:36:00Z","o":69161.7,"h":69274.4,"l":69149.9,"c":69239.2,"v":599718.0},{"ts":"2026-02-13T16:37:00Z","o":69239.2,"h":69250.0,"l":69138.3,"c":69146.1,"v":477966.0},{"ts":"2026-02-13T16:38:00Z","o":69146.1,"h":69300.4,"l":69146.0,"c":69300.4,"v":682989.0},{"ts":"2026-02-13T16:39:00Z","o":69300.4,"h":69333.7,"l":69268.5,"c":69307.4,"v":567645.0},{"ts":"2026-02-13T16:40:00Z","o":69307.4,"h":69316.1,"l":69260.0,"c":69285.0,"v":515914.0},{"ts":"2026-02-13T16:41:00Z","o":69285.0,"h":69289.0,"l":69220.5,"c":69262.8,"v":279193.0},{"ts":"2026-02-13T16:42:00Z","o":69262.8,"h":69264.3,"l":69174.9,"c":69182.5,"v":629332.0},{"ts":"2026-02-13T16:43:00Z","o":69182.5,"h":69282.9,"l":69178.6,"c":69246.9,"v":499721.0},{"ts":"2026-02-13T16:44:00Z","o":69246.9,"h":69246.9,"l":69185.1,"c":69207.3,"v":429112.0},{"ts":"2026-02-13T16:45:00Z","o":69207.3,"h":69220.0,"l":69167.2,"c":69191.1,"v":336638.0},{"ts":"2026-02-13T16:46:00Z","o":69191.1,"h":69231.9,"l":69140.6,"c":69143.9,"v":283086.0},{"ts":"2026-02-13T16:47:00Z","o":69143.9,"h":69187.0,"l":69063.2,"c":69174.7,"v":2408259.0},{"ts":"2026-02-13T16:48:00Z","o":69174.7,"h":69180.7,"l":69000.0,"c":69017.0,"v":1072279.0},{"ts":"2026-02-13T16:49:00Z","o":69017.0,"h":69029.4,"l":69000.0,"c":69011.9,"v":568641.0},{"ts":"2026-02-13T16:50:00Z","o":69011.9,"h":69090.5,"l":68959.0,"c":69060.0,"v":1042104.0},{"ts":"2026-02-13T16:51:00Z","o":69060.0,"h":69133.0,"l":69011.1,"c":69125.6,"v":552134.0},{"ts":"2026-02-13T16:52:00Z","o":69125.6,"h":69125.6,"l":69011.1,"c":69030.3,"v":1401701.0},{"ts":"2026-02-13T16:53:00Z","o":69030.3,"h":69085.7,"l":69014.4,"c":69085.6,"v":208395.0},{"ts":"2026-02-13T16:54:00Z","o":69085.6,"h":69146.1,"l":69070.7,"c":69140.6,"v":411363.0},{"ts":"2026-02-13T16:55:00Z","o":69140.6,"h":69159.9,"l":69071.0,"c":69071.1,"v":292205.0},{"ts":"2026-02-13T16:56:00Z","o":69071.1,"h":69177.7,"l":69071.0,"c":69103.1,"v":337365.0},{"ts":"2026-02-13T16:57:00Z","o":69103.1,"h":69108.9,"l":69009.5,"c":69009.6,"v":278239.0},{"ts":"2026-02-13T16:58:00Z","o":69009.6,"h":69022.4,"l":68888.1,"c":68893.2,"v":1504301.0},{"ts":"2026-02-13T16:59:00Z","o":68893.2,"h":68944.2,"l":68866.4,"c":68920.9,"v":949413.0},{"ts":"2026-02-13T17:00:00Z","o":68920.9,"h":68939.9,"l":68819.7,"c":68823.6,"v":1518196.0},{"ts":"2026-02-13T17:01:00Z","o":68823.6,"h":68920.0,"l":68814.0,"c":68920.0,"v":1788597.0},{"ts":"2026-02-13T17:02:00Z","o":68920.0,"h":68946.7,"l":68839.6,"c":68944.0,"v":535623.0},{"ts":"2026-02-13T17:03:00Z","o":68944.0,"h":69011.1,"l":68896.3,"c":68962.0,"v":641578.0},{"ts":"2026-02-13T17:04:00Z","o":68962.0,"h":68968.8,"l":68826.5,"c":68888.1,"v":513800.0},{"ts":"2026-02-13T17:05:00Z","o":68888.1,"h":68893.5,"l":68830.0,"c":68881.5,"v":410228.0},{"ts":"2026-02-13T17:06:00Z","o":68881.5,"h":68881.6,"l":68833.0,"c":68858.2,"v":111647.0}],"5m":[{"ts":"2026-02-13T07:10:00Z","o":66350.0,"h":66543.2,"l":66350.0,"c":66497.5,"v":2007148.0},{"ts":"2026-02-13T07:15:00Z","o":66497.5,"h":66540.1,"l":66409.7,"c":66429.9,"v":1106350.0},{"ts":"2026-02-13T07:20:00Z","o":66429.9,"h":66470.0,"l":66385.8,"c":66469.3,"v":1179858.0},{"ts":"2026-02-13T07:25:00Z","o":66469.3,"h":66491.1,"l":66399.3,"c":66490.0,"v":825488.0},{"ts":"2026-02-13T07:30:00Z","o":66490.0,"h":66490.0,"l":66288.6,"c":66320.9,"v":1313990.0},{"ts":"2026-02-13T07:35:00Z","o":66320.9,"h":66337.9,"l":66149.8,"c":66200.3,"v":1847429.0},{"ts":"2026-02-13T07:40:00Z","o":66200.3,"h":66200.3,"l":66093.8,"c":66094.0,"v":1685936.0},{"ts":"2026-02-13T07:45:00Z","o":66094.0,"h":66137.9,"l":66040.9,"c":66118.3,"v":1584807.0},{"ts":"2026-02-13T07:50:00Z","o":66118.3,"h":66278.8,"l":66018.0,"c":66278.8,"v":1678001.0},{"ts":"2026-02-13T07:55:00Z","o":66278.8,"h":66300.0,"l":66132.0,"c":66183.2,"v":1942851.0},{"ts":"2026-02-13T08:00:00Z","o":66183.2,"h":66336.6,"l":66159.9,"c":66312.0,"v":1684090.0},{"ts":"2026-02-13T08:05:00Z","o":66312.0,"h":66459.6,"l":66252.8,"c":66258.1,"v":1895186.0},{"ts":"2026-02-13T08:10:00Z","o":66258.1,"h":66328.0,"l":66230.9,"c":66232.1,"v":625622.0},{"ts":"2026-02-13T08:15:00Z","o":66232.1,"h":66305.9,"l":66185.8,"c":66298.3,"v":1008404.0},{"ts":"2026-02-13T08:20:00Z","o":66298.3,"h":66391.7,"l":66241.8,"c":66263.6,"v":1422348.0},{"ts":"2026-02-13T08:25:00Z","o":66263.6,"h":66412.5,"l":66263.6,"c":66382.8,"v":1020078.0},{"ts":"2026-02-13T08:30:00Z","o":66382.8,"h":66440.2,"l":66341.4,"c":66430.1,"v":993700.0},{"ts":"2026-02-13T08:35:00Z","o":66430.1,"h":66511.1,"l":66390.6,"c":66397.3,"v":1658651.0},{"ts":"2026-02-13T08:40:00Z","o":66397.3,"h":66477.0,"l":66369.1,"c":66477.0,"v":1191232.0},{"ts":"2026-02-13T08:45:00Z","o":66477.0,"h":66723.0,"l":66476.9,"c":66631.9,"v":3334252.0},{"ts":"2026-02-13T08:50:00Z","o":66631.9,"h":66676.9,"l":66575.8,"c":66652.5,"v":1970208.0},{"ts":"2026-02-13T08:55:00Z","o":66652.5,"h":66676.1,"l":66555.2,"c":66674.8,"v":1189895.0},{"ts":"2026-02-13T09:00:00Z","o":66674.8,"h":66697.5,"l":66580.0,"c":66631.0,"v":1600463.0},{"ts":"2026-02-13T09:05:00Z","o":66631.0,"h":66767.4,"l":66599.7,"c":66748.9,"v":1962415.0},{"ts":"2026-02-13T09:10:00Z","o":66748.9,"h":66830.9,"l":66621.0,"c":66653.5,"v":2942979.0},{"ts":"2026-02-13T09:15:00Z","o":66653.5,"h":66760.0,"l":66606.0,"c":66695.3,"v":1852419.0},{"ts":"2026-02-13T09:20:00Z","o":66695.3,"h":66809.8,"l":66645.6,"c":66761.5,"v":1545117.0},{"ts":"2026-02-13T09:25:00Z","o":66761.5,"h":66790.2,"l":66687.1,"c":66790.1,"v":921996.0},{"ts":"2026-02-13T09:30:00Z","o":66790.1,"h":66875.7,"l":66743.2,"c":66873.1,"v":2122073.0},{"ts":"2026-02-13T09:35:00Z","o":66873.1,"h":66911.2,"l":66789.9,"c":66820.5,"v":1938239.0},{"ts":"2026-02-13T09:40:00Z","o":66820.5,"h":66875.1,"l":66772.3,"c":66822.6,"v":1143305.0},{"ts":"2026-02-13T09:45:00Z","o":66822.6,"h":67041.7,"l":66821.2,"c":66974.1,"v":3245343.0},{"ts":"2026-02-13T09:50:00Z","o":66974.1,"h":66998.1,"l":66907.9,"c":66928.2,"v":1487697.0},{"ts":"2026-02-13T09:55:00Z","o":66928.2,"h":66957.1,"l":66891.1,"c":66924.3,"v":952621.0},{"ts":"2026-02-13T10:00:00Z","o":66924.3,"h":66936.0,"l":66818.2,"c":66823.3,"v":1423403.0},{"ts":"2026-02-13T10:05:00Z","o":66823.3,"h":66880.7,"l":66789.7,"c":66800.0,"v":3069222.0},{"ts":"2026-02-13T10:10:00Z","o":66800.0,"h":66879.2,"l":66800.0,"c":66873.3,"v":966197.0},{"ts":"2026-02-13T10:15:00Z","o":66873.3,"h":67064.0,"l":66860.0,"c":66970.2,"v":2171965.0},{"ts":"2026-02-13T10:20:00Z","o":66970.2,"h":66970.3,"l":66765.5,"c":66797.0,"v":1827940.0},{"ts":"2026-02-13T10:25:00Z","o":66797.0,"h":66888.0,"l":66788.6,"c":66882.0,"v":1249252.0},{"ts":"2026-02-13T10:30:00Z","o":66882.0,"h":66988.0,"l":66810.0,"c":66940.4,"v":1683061.0},{"ts":"2026-02-13T10:35:00Z","o":66940.4,"h":67016.2,"l":66914.7,"c":66917.2,"v":2767064.0},{"ts":"2026-02-13T10:40:00Z","o":66917.2,"h":67086.5,"l":66907.9,"c":66993.2,"v":2323268.0},{"ts":"2026-02-13T10:45:00Z","o":66993.2,"h":67022.0,"l":66933.9,"c":66999.9,"v":1453400.0},{"ts":"2026-02-13T10:50:00Z","o":66999.9,"h":67058.4,"l":66946.6,"c":67000.6,"v":1218225.0},{"ts":"2026-02-13T10:55:00Z","o":67000.6,"h":67023.0,"l":66937.5,"c":66940.0,"v":991509.0},{"ts":"2026-02-13T11:00:00Z","o":66940.0,"h":66949.4,"l":66819.5,"c":66899.6,"v":2003109.0},{"ts":"2026-02-13T11:05:00Z","o":66899.6,"h":66999.9,"l":66857.0,"c":66880.0,"v":1394610.0},{"ts":"2026-02-13T11:10:00Z","o":66880.0,"h":66895.3,"l":66809.1,"c":66849.9,"v":1252401.0},{"ts":"2026-02-13T11:15:00Z","o":66849.9,"h":66911.5,"l":66827.5,"c":66900.1,"v":1264351.0},{"ts":"2026-02-13T11:20:00Z","o":66900.1,"h":66937.8,"l":66849.1,"c":66859.1,"v":1175903.0},{"ts":"2026-02-13T11:25:00Z","o":66859.1,"h":66978.3,"l":66856.3,"c":66944.6,"v":1211904.0},{"ts":"2026-02-13T11:30:00Z","o":66944.6,"h":66965.6,"l":66749.1,"c":66818.8,"v":2377706.0},{"ts":"2026-02-13T11:35:00Z","o":66818.8,"h":66969.6,"l":66791.0,"c":66914.7,"v":1111496.0},{"ts":"2026-02-13T11:40:00Z","o":66914.7,"h":66993.5,"l":66898.3,"c":66962.0,"v":1098297.0},{"ts":"2026-02-13T11:45:00Z","o":66962.0,"h":67014.7,"l":66930.3,"c":66976.7,"v":1482621.0},{"ts":"2026-02-13T11:50:00Z","o":66976.7,"h":67034.2,"l":66968.5,"c":67024.6,"v":786353.0},{"ts":"2026-02-13T11:55:00Z","o":67024.6,"h":67195.4,"l":67004.4,"c":67137.4,"v":3054861.0},{"ts":"2026-02-13T12:00:00Z","o":67137.4,"h":67143.2,"l":66974.6,"c":66987.3,"v":2151494.0},{"ts":"2026-02-13T12:05:00Z","o":66987.3,"h":67022.6,"l":66912.0,"c":67004.1,"v":1811874.0},{"ts":"2026-02-13T12:10:00Z","o":67004.1,"h":67055.9,"l":66944.7,"c":66951.7,"v":1164023.0},{"ts":"2026-02-13T12:15:00Z","o":66951.7,"h":67009.5,"l":66887.0,"c":66973.2,"v":1453616.0},{"ts":"2026-02-13T12:20:00Z","o":66973.2,"h":67040.0,"l":66959.9,"c":66977.5,"v":1269032.0},{"ts":"2026-02-13T12:25:00Z","o":66977.5,"h":67091.2,"l":66966.0,"c":67060.1,"v":1057339.0},{"ts":"2026-02-13T12:30:00Z","o":67060.1,"h":67074.8,"l":67012.2,"c":67023.1,"v":807986.0},{"ts":"2026-02-13T12:35:00Z","o":67023.1,"h":67103.1,"l":67001.3,"c":67041.0,"v":1112900.0},{"ts":"2026-02-13T12:40:00Z","o":67041.0,"h":67097.9,"l":67025.2,"c":67057.3,"v":738186.0},{"ts":"2026-02-13T12:45:00Z","o":67057.3,"h":67078.5,"l":66972.1,"c":67073.4,"v":1893712.0},{"ts":"2026-02-13T12:50:00Z","o":67073.4,"h":67180.0,"l":67007.3,"c":67179.9,"v":1744892.0},{"ts":"2026-02-13T12:55:00Z","o":67179.9,"h":67180.9,"l":67030.0,"c":67050.0,"v":1981809.0},{"ts":"2026-02-13T13:00:00Z","o":67050.0,"h":67155.4,"l":67047.9,"c":67111.6,"v":1038824.0},{"ts":"2026-02-13T13:05:00Z","o":67111.6,"h":67123.2,"l":66907.9,"c":66947.3,"v":2228748.0},{"ts":"2026-02-13T13:10:00Z","o":66947.3,"h":66983.0,"l":66913.3,"c":66939.6,"v":1895045.0},{"ts":"2026-02-13T13:15:00Z","o":66939.6,"h":67083.0,"l":66939.6,"c":67059.9,"v":2040126.0},{"ts":"2026-02-13T13:20:00Z","o":67059.9,"h":67246.2,"l":66984.2,"c":67200.0,"v":2907522.0},{"ts":"2026-02-13T13:25:00Z","o":67200.0,"h":67382.9,"l":67194.4,"c":67304.4,"v":4865116.0},{"ts":"2026-02-13T13:30:00Z","o":67304.4,"h":67595.8,"l":67286.3,"c":67479.8,"v":11683941.0},{"ts":"2026-02-13T13:35:00Z","o":67479.8,"h":67479.8,"l":67206.5,"c":67270.9,"v":4407349.0},{"ts":"2026-02-13T13:40:00Z","o":67270.9,"h":67360.9,"l":67163.1,"c":67292.9,"v":3249423.0},{"ts":"2026-02-13T13:45:00Z","o":67292.9,"h":67316.3,"l":67079.1,"c":67250.7,"v":4687159.0},{"ts":"2026-02-13T13:50:00Z","o":67250.7,"h":67381.5,"l":67228.6,"c":67320.1,"v":3610353.0},{"ts":"2026-02-13T13:55:00Z","o":67320.1,"h":67387.7,"l":67235.6,"c":67238.1,"v":1931409.0},{"ts":"2026-02-13T14:00:00Z","o":67238.1,"h":67280.1,"l":67115.4,"c":67138.7,"v":2049558.0},{"ts":"2026-02-13T14:05:00Z","o":67138.7,"h":67229.8,"l":67094.4,"c":67193.0,"v":1595261.0},{"ts":"2026-02-13T14:10:00Z","o":67193.0,"h":67276.2,"l":67111.7,"c":67127.5,"v":1741317.0},{"ts":"2026-02-13T14:15:00Z","o":67127.5,"h":67336.7,"l":67127.5,"c":67299.1,"v":1939794.0},{"ts":"2026-02-13T14:20:00Z","o":67299.1,"h":67309.4,"l":67192.0,"c":67194.2,"v":1297294.0},{"ts":"2026-02-13T14:25:00Z","o":67194.2,"h":67368.8,"l":67161.4,"c":67284.0,"v":1814574.0},{"ts":"2026-02-13T14:30:00Z","o":67284.0,"h":67557.4,"l":67172.7,"c":67510.1,"v":5192216.0},{"ts":"2026-02-13T14:35:00Z","o":67510.1,"h":67556.1,"l":67264.7,"c":67347.4,"v":5623800.0},{"ts":"2026-02-13T14:40:00Z","o":67347.4,"h":67358.9,"l":66833.9,"c":67301.0,"v":9879066.0},{"ts":"2026-02-13T14:45:00Z","o":67301.0,"h":68000.0,"l":67301.0,"c":67844.1,"v":13151778.0},{"ts":"2026-02-13T14:50:00Z","o":67844.1,"h":67925.5,"l":67584.3,"c":67654.0,"v":7710092.0},{"ts":"2026-02-13T14:55:00Z","o":67654.0,"h":67829.3,"l":67600.0,"c":67700.7,"v":4092999.0},{"ts":"2026-02-13T15:00:00Z","o":67700.7,"h":68036.0,"l":67680.0,"c":67803.5,"v":7448751.0},{"ts":"2026-02-13T15:05:00Z","o":67803.5,"h":68223.0,"l":67659.6,"c":68219.8,"v":7205108.0},{"ts":"2026-02-13T15:10:00Z","o":68219.8,"h":68577.2,"l":68147.8,"c":68341.8,"v":11901468.0},{"ts":"2026-02-13T15:15:00Z","o":68341.8,"h":68547.0,"l":68175.0,"c":68201.9,"v":5663641.0},{"ts":"2026-02-13T15:20:00Z","o":68201.9,"h":68336.2,"l":68092.4,"c":68292.8,"v":4458486.0},{"ts":"2026-02-13T15:25:00Z","o":68292.8,"h":68888.0,"l":68256.2,"c":68861.6,"v":10336185.0},{"ts":"2026-02-13T15:30:00Z","o":68861.6,"h":69192.7,"l":68842.1,"c":69023.9,"v":10898863.0},{"ts":"2026-02-13T15:35:00Z","o":69023.9,"h":69273.2,"l":68911.0,"c":68920.4,"v":9891889.0},{"ts":"2026-02-13T15:40:00Z","o":68920.4,"h":68965.7,"l":68680.0,"c":68686.7,"v":8089309.0},{"ts":"2026-02-13T15:45:00Z","o":68686.7,"h":68756.8,"l":68335.7,"c":68387.6,"v":9145476.0},{"ts":"2026-02-13T15:50:00Z","o":68387.6,"h":68679.5,"l":68366.2,"c":68589.9,"v":4853777.0},{"ts":"2026-02-13T15:55:00Z","o":68589.9,"h":68679.6,"l":68426.5,"c":68652.4,"v":3461819.0},{"ts":"2026-02-13T16:00:00Z","o":68652.4,"h":68755.9,"l":68500.0,"c":68690.0,"v":7198990.0},{"ts":"2026-02-13T16:05:00Z","o":68690.0,"h":69119.3,"l":68683.5,"c":68996.6,"v":6384666.0},{"ts":"2026-02-13T16:10:00Z","o":68996.6,"h":69031.2,"l":68780.0,"c":69020.0,"v":3833121.0},{"ts":"2026-02-13T16:15:00Z","o":69020.0,"h":69132.0,"l":68933.5,"c":68933.5,"v":4541985.0},{"ts":"2026-02-13T16:20:00Z","o":68933.5,"h":68992.9,"l":68794.1,"c":68844.0,"v":3810383.0},{"ts":"2026-02-13T16:25:00Z","o":68844.0,"h":69088.0,"l":68818.8,"c":69042.4,"v":3731217.0},{"ts":"2026-02-13T16:30:00Z","o":69042.4,"h":69448.9,"l":68946.1,"c":69153.0,"v":8864310.0},{"ts":"2026-02-13T16:35:00Z","o":69153.0,"h":69333.7,"l":69138.3,"c":69307.4,"v":2995366.0},{"ts":"2026-02-13T16:40:00Z","o":69307.4,"h":69316.1,"l":69174.9,"c":69207.3,"v":2353272.0},{"ts":"2026-02-13T16:45:00Z","o":69207.3,"h":69231.9,"l":69000.0,"c":69011.9,"v":4668903.0},{"ts":"2026-02-13T16:50:00Z","o":69011.9,"h":69146.1,"l":68959.0,"c":69140.6,"v":3615697.0},{"ts":"2026-02-13T16:55:00Z","o":69140.6,"h":69177.7,"l":68866.4,"c":68920.9,"v":3361523.0},{"ts":"2026-02-13T17:00:00Z","o":68920.9,"h":69011.1,"l":68814.0,"c":68888.1,"v":4997794.0},{"ts":"2026-02-13T17:05:00Z","o":68888.1,"h":68893.5,"l":68830.0,"c":68858.2,"v":525879.0}],"15m":[{"ts":"2026-02-12T21:15:00Z","o":65640.2,"h":65770.0,"l":65445.0,"c":65575.7,"v":5823486.0},{"ts":"2026-02-12T21:30:00Z","o":65575.7,"h":65819.5,"l":65550.1,"c":65788.5,"v":4866212.0},{"ts":"2026-02-12T21:45:00Z","o":65788.5,"h":65873.3,"l":65706.4,"c":65816.8,"v":2810797.0},{"ts":"2026-02-12T22:00:00Z","o":65816.8,"h":65861.6,"l":65715.0,"c":65788.9,"v":3423072.0},{"ts":"2026-02-12T22:15:00Z","o":65788.9,"h":65927.3,"l":65615.0,"c":65927.3,"v":4459347.0},{"ts":"2026-02-12T22:30:00Z","o":65927.3,"h":66176.9,"l":65850.8,"c":66168.1,"v":5300581.0},{"ts":"2026-02-12T22:45:00Z","o":66168.1,"h":66380.0,"l":66160.0,"c":66262.3,"v":6674619.0},{"ts":"2026-02-12T23:00:00Z","o":66262.3,"h":66444.0,"l":66173.2,"c":66286.0,"v":5893589.0},{"ts":"2026-02-12T23:15:00Z","o":66286.0,"h":66458.1,"l":66228.2,"c":66366.4,"v":3006050.0},{"ts":"2026-02-12T23:30:00Z","o":66366.4,"h":66456.1,"l":66175.3,"c":66219.9,"v":3842626.0},{"ts":"2026-02-12T23:45:00Z","o":66219.9,"h":66280.2,"l":66135.8,"c":66243.1,"v":3096513.0},{"ts":"2026-02-13T00:00:00Z","o":66243.1,"h":66498.4,"l":66137.9,"c":66341.3,"v":5761410.0},{"ts":"2026-02-13T00:15:00Z","o":66341.3,"h":66347.8,"l":65976.0,"c":66001.8,"v":5952390.0},{"ts":"2026-02-13T00:30:00Z","o":66001.8,"h":66111.5,"l":65870.7,"c":65924.6,"v":7882903.0},{"ts":"2026-02-13T00:45:00Z","o":65924.6,"h":66038.1,"l":65833.9,"c":65881.9,"v":7017403.0},{"ts":"2026-02-13T01:00:00Z","o":65881.9,"h":66250.1,"l":65881.9,"c":66220.0,"v":5203778.0},{"ts":"2026-02-13T01:15:00Z","o":66220.0,"h":66265.0,"l":66052.7,"c":66189.5,"v":4085738.0},{"ts":"2026-02-13T01:30:00Z","o":66189.5,"h":66475.1,"l":66189.5,"c":66383.7,"v":4936633.0},{"ts":"2026-02-13T01:45:00Z","o":66383.7,"h":66587.6,"l":66299.5,"c":66423.5,"v":5365308.0},{"ts":"2026-02-13T02:00:00Z","o":66423.5,"h":66540.0,"l":66352.8,"c":66531.0,"v":3526791.0},{"ts":"2026-02-13T02:15:00Z","o":66531.0,"h":66622.9,"l":66353.8,"c":66494.5,"v":3169626.0},{"ts":"2026-02-13T02:30:00Z","o":66494.5,"h":66600.0,"l":66428.5,"c":66555.1,"v":2315313.0},{"ts":"2026-02-13T02:45:00Z","o":66555.1,"h":66727.2,"l":66510.8,"c":66628.0,"v":3310231.0},{"ts":"2026-02-13T03:00:00Z","o":66628.0,"h":66741.6,"l":66464.0,"c":66481.5,"v":4291177.0},{"ts":"2026-02-13T03:15:00Z","o":66481.5,"h":66647.0,"l":66453.5,"c":66647.0,"v":2315609.0},{"ts":"2026-02-13T03:30:00Z","o":66647.0,"h":66778.0,"l":66585.3,"c":66608.4,"v":2889262.0},{"ts":"2026-02-13T03:45:00Z","o":66608.4,"h":66641.5,"l":66422.9,"c":66519.6,"v":3337421.0},{"ts":"2026-02-13T04:00:00Z","o":66519.6,"h":66562.0,"l":66399.2,"c":66504.9,"v":2987635.0},{"ts":"2026-02-13T04:15:00Z","o":66504.9,"h":66643.9,"l":66418.6,"c":66418.6,"v":3733603.0},{"ts":"2026-02-13T04:30:00Z","o":66418.6,"h":66444.1,"l":66311.0,"c":66334.6,"v":2922439.0},{"ts":"2026-02-13T04:45:00Z","o":66334.6,"h":66413.8,"l":66273.4,"c":66300.0,"v":2905527.0},{"ts":"2026-02-13T05:00:00Z","o":66300.0,"h":66424.5,"l":66190.5,"c":66211.1,"v":3327922.0},{"ts":"2026-02-13T05:15:00Z","o":66211.1,"h":66374.7,"l":66194.4,"c":66292.1,"v":1764146.0},{"ts":"2026-02-13T05:30:00Z","o":66292.1,"h":66444.0,"l":66278.0,"c":66438.0,"v":3037963.0},{"ts":"2026-02-13T05:45:00Z","o":66438.0,"h":66474.4,"l":66151.1,"c":66151.3,"v":2973470.0},{"ts":"2026-02-13T06:00:00Z","o":66151.3,"h":66279.9,"l":66135.1,"c":66202.7,"v":2443914.0},{"ts":"2026-02-13T06:15:00Z","o":66202.7,"h":66268.0,"l":66010.0,"c":66093.5,"v":3630455.0},{"ts":"2026-02-13T06:30:00Z","o":66093.5,"h":66095.5,"l":65973.7,"c":66059.3,"v":2743224.0},{"ts":"2026-02-13T06:45:00Z","o":66059.3,"h":66367.5,"l":66020.2,"c":66330.4,"v":4448575.0},{"ts":"2026-02-13T07:00:00Z","o":66330.4,"h":66543.2,"l":66304.4,"c":66497.5,"v":4368570.0},{"ts":"2026-02-13T07:15:00Z","o":66497.5,"h":66540.1,"l":66385.8,"c":66490.0,"v":3111696.0},{"ts":"2026-02-13T07:30:00Z","o":66490.0,"h":66490.0,"l":66093.8,"c":66094.0,"v":4847355.0},{"ts":"2026-02-13T07:45:00Z","o":66094.0,"h":66300.0,"l":66018.0,"c":66183.2,"v":5205659.0},{"ts":"2026-02-13T08:00:00Z","o":66183.2,"h":66459.6,"l":66159.9,"c":66232.1,"v":4204898.0},{"ts":"2026-02-13T08:15:00Z","o":66232.1,"h":66412.5,"l":66185.8,"c":66382.8,"v":3450830.0},{"ts":"2026-02-13T08:30:00Z","o":66382.8,"h":66511.1,"l":66341.4,"c":66477.0,"v":3843583.0},{"ts":"2026-02-13T08:45:00Z","o":66477.0,"h":66723.0,"l":66476.9,"c":66674.8,"v":6494355.0},{"ts":"2026-02-13T09:00:00Z","o":66674.8,"h":66830.9,"l":66580.0,"c":66653.5,"v":6505857.0},{"ts":"2026-02-13T09:15:00Z","o":66653.5,"h":66809.8,"l":66606.0,"c":66790.1,"v":4319532.0},{"ts":"2026-02-13T09:30:00Z","o":66790.1,"h":66911.2,"l":66743.2,"c":66822.6,"v":5203617.0},{"ts":"2026-02-13T09:45:00Z","o":66822.6,"h":67041.7,"l":66821.2,"c":66924.3,"v":5685661.0},{"ts":"2026-02-13T10:00:00Z","o":66924.3,"h":66936.0,"l":66789.7,"c":66873.3,"v":5458822.0},{"ts":"2026-02-13T10:15:00Z","o":66873.3,"h":67064.0,"l":66765.5,"c":66882.0,"v":5249157.0},{"ts":"2026-02-13T10:30:00Z","o":66882.0,"h":67086.5,"l":66810.0,"c":66993.2,"v":6773393.0},{"ts":"2026-02-13T10:45:00Z","o":66993.2,"h":67058.4,"l":66933.9,"c":66940.0,"v":3663134.0},{"ts":"2026-02-13T11:00:00Z","o":66940.0,"h":66999.9,"l":66809.1,"c":66849.9,"v":4650120.0},{"ts":"2026-02-13T11:15:00Z","o":66849.9,"h":66978.3,"l":66827.5,"c":66944.6,"v":3652158.0},{"ts":"2026-02-13T11:30:00Z","o":66944.6,"h":66993.5,"l":66749.1,"c":66962.0,"v":4587499.0},{"ts":"2026-02-13T11:45:00Z","o":66962.0,"h":67195.4,"l":66930.3,"c":67137.4,"v":5323835.0},{"ts":"2026-02-13T12:00:00Z","o":67137.4,"h":67143.2,"l":66912.0,"c":66951.7,"v":5127391.0},{"ts":"2026-02-13T12:15:00Z","o":66951.7,"h":67091.2,"l":66887.0,"c":67060.1,"v":3779987.0},{"ts":"2026-02-13T12:30:00Z","o":67060.1,"h":67103.1,"l":67001.3,"c":67057.3,"v":2659072.0},{"ts":"2026-02-13T12:45:00Z","o":67057.3,"h":67180.9,"l":66972.1,"c":67050.0,"v":5620413.0},{"ts":"2026-02-13T13:00:00Z","o":67050.0,"h":67155.4,"l":66907.9,"c":66939.6,"v":5162617.0},{"ts":"2026-02-13T13:15:00Z","o":66939.6,"h":67382.9,"l":66939.6,"c":67304.4,"v":9812764.0},{"ts":"2026-02-13T13:30:00Z","o":67304.4,"h":67595.8,"l":67163.1,"c":67292.9,"v":19340713.0},{"ts":"2026-02-13T13:45:00Z","o":67292.9,"h":67387.7,"l":67079.1,"c":67238.1,"v":10228921.0},{"ts":"2026-02-13T14:00:00Z","o":67238.1,"h":67280.1,"l":67094.4,"c":67127.5,"v":5386136.0},{"ts":"2026-02-13T14:15:00Z","o":67127.5,"h":67368.8,"l":67127.5,"c":67284.0,"v":5051662.0},{"ts":"2026-02-13T14:30:00Z","o":67284.0,"h":67557.4,"l":66833.9,"c":67301.0,"v":20695082.0},{"ts":"2026-02-13T14:45:00Z","o":67301.0,"h":68000.0,"l":67301.0,"c":67700.7,"v":24954869.0},{"ts":"2026-02-13T15:00:00Z","o":67700.7,"h":68577.2,"l":67659.6,"c":68341.8,"v":26555327.0},{"ts":"2026-02-13T15:15:00Z","o":68341.8,"h":68888.0,"l":68092.4,"c":68861.6,"v":20458312.0},{"ts":"2026-02-13T15:30:00Z","o":68861.6,"h":69273.2,"l":68680.0,"c":68686.7,"v":28880061.0},{"ts":"2026-02-13T15:45:00Z","o":68686.7,"h":68756.8,"l":68335.7,"c":68652.4,"v":17461072.0},{"ts":"2026-02-13T16:00:00Z","o":68652.4,"h":69119.3,"l":68500.0,"c":69020.0,"v":17416777.0},{"ts":"2026-02-13T16:15:00Z","o":69020.0,"h":69132.0,"l":68794.1,"c":69042.4,"v":12083585.0},{"ts":"2026-02-13T16:30:00Z","o":69042.4,"h":69448.9,"l":68946.1,"c":69207.3,"v":14212948.0},{"ts":"2026-02-13T16:45:00Z","o":69207.3,"h":69231.9,"l":68866.4,"c":68920.9,"v":11646123.0},{"ts":"2026-02-13T17:00:00Z","o":68920.9,"h":69011.1,"l":68814.0,"c":68858.3,"v":5524990.0}]},"features":{"P_used":68859.9,"orderbook":{"topN":20,"bandPct":0.0015,"bidSumTopN":181098.0,"askSumTopN":108442.0,"bidAskRatioTopN":1.6699987089872927,"bestBid":68858.4,"bestAsk":68858.9,"spread":0.5,"spreadBps":0.07261120042288764,"nearBand":{"bidCount":20,"askCount":20,"topBidWall":{"price":68857.3,"size":100059.0},"topAskWall":{"price":68861.2,"size":13654.0}}},"orderbookHistory":{"available":true,"bidWall":{"samples":17,"persistRate":0.0,"churnRate":1.0,"sizeCv":0.19355671243948913},"askWall":{"samples":17,"persistRate":0.0,"churnRate":1.0,"sizeCv":0.7256140562832244}},"trades":{"available":true,"buyVol":8903.0,"sellVol":2671.0,"buyCnt":19,"sellCnt":21,"buyVolRatio":0.7692241230343875,"sellVolRatio":0.23077587696561258,"maxTrade":{"price":68859.9,"vol":2325.0,"T":1}},"openInterest":{"available":true,"windowSamples":24,"oiStart":539811360.0,"oiEnd":540495888.0,"oiChange":684528.0,"oiChangePct":0.12680874296532033,"pxStart":68858.9,"pxEnd":68883.3,"pxChangePct":0.03543478039877014,"leverageChaseFlag":false},"context":{"available":true,"range15m":{"hi":69448.9,"lo":66833.9,"pos01":0.7741491395793533,"lastClose":68858.3,"meanClose":67947.35},"range5m":{"hi":69448.9,"lo":66833.9,"pos01":0.774110898661569,"lastClose":68858.2,"meanClose":67889.87499999999}}}}