{"meta":{"exchange":"MEXC","market":"FUTURES","symbol":"BTC_USDT","generated_at":"2026-02-13T03:31:45Z"},"marketInfo":{"priceUnit":0.1,"volUnit":1,"minVol":1,"contractSize":0.0001,"priceScale":1,"volScale":0,"maxLeverage":500},"price":{"ticker":{"contractId":10,"symbol":"BTC_USDT","lastPrice":66711.1,"bid1":66713.5,"ask1":66713.6,"volume24":252767516,"amount24":1687696169.60145,"holdVol":520567008,"lower24Price":65081.1,"high24Price":68381.5,"riseFallRate":-0.0058,"riseFallValue":-392.4,"indexPrice":66748.08,"fairPrice":66711.2,"fundingRate":2.1e-05,"maxBidPrice":73422.8,"minAskPrice":60073.2,"timestamp":1770953503790,"riseFallRates":{"zone":"UTC+8","r":-0.0058,"v":-392.4,"r7":-0.0109,"r30":-0.2857,"r90":-0.3104,"r180":-0.4328,"r365":-0.3033},"riseFallRatesOfTimezone":[-0.0103,0.007,-0.0058]},"funding":{"symbol":"BTC_USDT","fundingRate":2.1e-05,"maxFundingRate":0.0018,"minFundingRate":-0.0018,"collectCycle":8,"nextSettleTime":1770969600000,"timestamp":1770953505784},"index":{"symbol":"BTC_USDT","indexPrice":66739.04,"timestamp":1770953506085},"fair":{"symbol":"BTC_USDT","fairPrice":66701.3,"timestamp":1770953506592}},"metrics":{"openInterestNow":520567008,"oiHistory":[{"t":1770953510402,"lastPrice":66697.4,"bid1":66697.3,"ask1":66697.4,"holdVol":520569993,"fundingRate":2.1e-05,"indexPrice":66739.03,"fairPrice":66701.3},{"t":1770953513014,"lastPrice":66702.4,"bid1":66702.3,"ask1":66702.4,"holdVol":520575628,"fundingRate":2.1e-05,"indexPrice":66739.77,"fairPrice":66702.3},{"t":1770953515513,"lastPrice":66702.4,"bid1":66702.3,"ask1":66702.4,"holdVol":520611811,"fundingRate":2.1e-05,"indexPrice":66741.95,"fairPrice":66704.2},{"t":1770953518057,"lastPrice":66716.5,"bid1":66716.5,"ask1":66716.6,"holdVol":520627872,"fundingRate":2.1e-05,"indexPrice":66748.05,"fairPrice":66715.6},{"t":1770953520605,"lastPrice":66729.4,"bid1":66728.4,"ask1":66728.5,"holdVol":520629600,"fundingRate":2.1e-05,"indexPrice":66764.42,"fairPrice":66729.4},{"t":1770953523072,"lastPrice":66721.1,"bid1":66723.2,"ask1":66723.3,"holdVol":520696723,"fundingRate":2.1e-05,"indexPrice":66761.63,"fairPrice":66726.1},{"t":1770953525665,"lastPrice":66721.1,"bid1":66723.2,"ask1":66723.3,"holdVol":520696723,"fundingRate":2.1e-05,"indexPrice":66761.63,"fairPrice":66726.1},{"t":1770953528475,"lastPrice":66719.2,"bid1":66719.1,"ask1":66719.2,"holdVol":521121379,"fundingRate":2.1e-05,"indexPrice":66758.56,"fairPrice":66721},{"t":1770953530958,"lastPrice":66692.6,"bid1":66694.1,"ask1":66696.6,"holdVol":521159356,"fundingRate":2.1e-05,"indexPrice":66744.6,"fairPrice":66706.7},{"t":1770953533972,"lastPrice":66715.7,"bid1":66715.7,"ask1":66715.8,"holdVol":521152896,"fundingRate":2.1e-05,"indexPrice":66755.6,"fairPrice":66718.1},{"t":1770953536632,"lastPrice":66726,"bid1":66728.5,"ask1":66728.6,"holdVol":521302953,"fundingRate":2.1e-05,"indexPrice":66747.75,"fairPrice":66710.3},{"t":1770953539243,"lastPrice":66729.6,"bid1":66728.9,"ask1":66729,"holdVol":521249644,"fundingRate":2.1e-05,"indexPrice":66776.37,"fairPrice":66738.8},{"t":1770953541774,"lastPrice":66728.7,"bid1":66728.6,"ask1":66728.7,"holdVol":521251420,"fundingRate":2.1e-05,"indexPrice":66767.12,"fairPrice":66729.6},{"t":1770953544338,"lastPrice":66729.5,"bid1":66728.7,"ask1":66728.8,"holdVol":521255856,"fundingRate":2.1e-05,"indexPrice":66772,"fairPrice":66734.5},{"t":1770953546942,"lastPrice":66719.3,"bid1":66719.3,"ask1":66719.4,"holdVol":521174361,"fundingRate":2.1e-05,"indexPrice":66758.68,"fairPrice":66721.1},{"t":1770953549650,"lastPrice":66719.3,"bid1":66719.3,"ask1":66719.4,"holdVol":521174361,"fundingRate":2.1e-05,"indexPrice":66758.68,"fairPrice":66721.1},{"t":1770953552555,"lastPrice":66700,"bid1":66700,"ask1":66700.1,"holdVol":521161747,"fundingRate":2.1e-05,"indexPrice":66738.01,"fairPrice":66712.4},{"t":1770953555154,"lastPrice":66692.8,"bid1":66692.7,"ask1":66692.8,"holdVol":521156611,"fundingRate":2.1e-05,"indexPrice":66732.78,"fairPrice":66695.2},{"t":1770953558029,"lastPrice":66698.2,"bid1":66698.2,"ask1":66698.3,"holdVol":521187724,"fundingRate":2.1e-05,"indexPrice":66733.22,"fairPrice":66695.8},{"t":1770953560619,"lastPrice":66694.9,"bid1":66694.9,"ask1":66695,"holdVol":521189404,"fundingRate":2.1e-05,"indexPrice":66733.15,"fairPrice":66696.5},{"t":1770953563215,"lastPrice":66691,"bid1":66688.9,"ask1":66689,"holdVol":521192908,"fundingRate":2.1e-05,"indexPrice":66726.86,"fairPrice":66689.3},{"t":1770953565820,"lastPrice":66695,"bid1":66694.9,"ask1":66695,"holdVol":521193580,"fundingRate":2.1e-05,"indexPrice":66731.41,"fairPrice":66695},{"t":1770953568607,"lastPrice":66694.9,"bid1":66694.9,"ask1":66695,"holdVol":521251468,"fundingRate":2.1e-05,"indexPrice":66736.48,"fairPrice":66699}],"fundingRateNow":2.1e-05,"fundingRateHistory":{"pageSize":24,"totalCount":1619,"totalPage":68,"currentPage":1,"resultList":[{"symbol":"BTC_USDT","fundingRate":5.8e-05,"settleTime":1770940800000,"collectCycle":8},{"symbol":"BTC_USDT","fundingRate":-1.7e-05,"settleTime":1770912000000,"collectCycle":8},{"symbol":"BTC_USDT","fundingRate":3.3e-05,"settleTime":1770883200000,"collectCycle":8},{"symbol":"BTC_USDT","fundingRate":-1.3e-05,"settleTime":1770854400000,"collectCycle":8},{"symbol":"BTC_USDT","fundingRate":-1.2e-05,"settleTime":1770825600000,"collectCycle":8},{"symbol":"BTC_USDT","fundingRate":-8.3e-05,"settleTime":1770796800000,"collectCycle":8},{"symbol":"BTC_USDT","fundingRate":1.3e-05,"settleTime":1770768000000,"collectCycle":8},{"symbol":"BTC_USDT","fundingRate":-8.8e-05,"settleTime":1770739200000,"collectCycle":8},{"symbol":"BTC_USDT","fundingRate":-4.7e-05,"settleTime":1770710400000,"collectCycle":8},{"symbol":"BTC_USDT","fundingRate":-9e-05,"settleTime":1770681600000,"collectCycle":8},{"symbol":"BTC_USDT","fundingRate":-4.2e-05,"settleTime":1770652800000,"collectCycle":8},{"symbol":"BTC_USDT","fundingRate":1.7e-05,"settleTime":1770624000000,"collectCycle":8},{"symbol":"BTC_USDT","fundingRate":-2.9e-05,"settleTime":1770595200000,"collectCycle":8},{"symbol":"BTC_USDT","fundingRate":-4.9e-05,"settleTime":1770566400000,"collectCycle":8},{"symbol":"BTC_USDT","fundingRate":-3.5e-05,"settleTime":1770537600000,"collectCycle":8},{"symbol":"BTC_USDT","fundingRate":-3.4e-05,"settleTime":1770508800000,"collectCycle":8},{"symbol":"BTC_USDT","fundingRate":-3e-05,"settleTime":1770480000000,"collectCycle":8},{"symbol":"BTC_USDT","fundingRate":-8.2e-05,"settleTime":1770451200000,"collectCycle":8},{"symbol":"BTC_USDT","fundingRate":-0.000152,"settleTime":1770422400000,"collectCycle":8},{"symbol":"BTC_USDT","fundingRate":-0.000133,"settleTime":1770393600000,"collectCycle":8},{"symbol":"BTC_USDT","fundingRate":-0.000136,"settleTime":1770364800000,"collectCycle":8},{"symbol":"BTC_USDT","fundingRate":-1.3e-05,"settleTime":1770336000000,"collectCycle":8},{"symbol":"BTC_USDT","fundingRate":-4.9e-05,"settleTime":1770307200000,"collectCycle":8},{"symbol":"BTC_USDT","fundingRate":5e-06,"settleTime":1770278400000,"collectCycle":8}]}},"orderbook":{"asks":[[66697.4,10363,1],[66697.5,4300,1],[66697.6,4242,1],[66697.7,3635,1],[66697.8,3467,1],[66697.9,3525,1],[66698,3549,1],[66698.1,3789,1],[66698.2,103595,2],[66698.3,4439,1],[66698.4,4357,1],[66698.5,3758,1],[66698.6,4273,1],[66698.7,3907,1],[66698.8,3946,1],[66698.9,4190,1],[66699,4555,1],[66699.1,4145,1],[66699.2,4270,1],[66699.3,4250,1]],"bids":[[66697.3,11200,3],[66697.2,4300,1],[66697.1,4242,1],[66697,3635,1],[66696.9,3467,1],[66696.8,3525,1],[66696.7,4975,2],[66696.6,3789,1],[66696.5,3834,1],[66696.4,104200,2],[66696.3,4357,1],[66696.2,3758,1],[66696.1,4273,1],[66696,3907,1],[66695.9,3946,1],[66695.8,4190,1],[66695.7,4555,1],[66695.6,4145,1],[66695.5,4270,1],[66695.4,4250,1]],"version":32431137855,"timestamp":1770953506898},"orderbookHistory":{"depthCommits":[{"asks":[],"bids":[[66630.5,10929,1]],"version":32431138383},{"asks":[],"bids":[[66698.1,5386,2]],"version":32431138382},{"asks":[],"bids":[[66698.5,3592,1]],"version":32431138381},{"asks":[],"bids":[[66698.7,12134,2]],"version":32431138380},{"asks":[[66705.5,7201,3]],"bids":[],"version":32431138379},{"asks":[],"bids":[[66698.1,6326,3]],"version":32431138378},{"asks":[],"bids":[[66698.6,4511,1]],"version":32431138377},{"asks":[],"bids":[[66697.5,4537,1]],"version":32431138376},{"asks":[],"bids":[[66698.8,26695,5]],"version":32431138375},{"asks":[],"bids":[[66698.3,11448,2]],"version":32431138374},{"asks":[],"bids":[[66641.4,1,1]],"version":32431138373},{"asks":[],"bids":[[66698.1,7148,4]],"version":32431138372},{"asks":[],"bids":[[66698.1,15079,5]],"version":32431138371},{"asks":[],"bids":[[66697.8,0,0]],"version":32431138370},{"asks":[],"bids":[[66698.4,4085,1]],"version":32431138369},{"asks":[],"bids":[[66698,0,0]],"version":32431138368},{"asks":[],"bids":[[66698.3,3517,1]],"version":32431138367},{"asks":[],"bids":[[66627,8735,1]],"version":32431138366},{"asks":[],"bids":[[66698.7,20065,3]],"version":32431138365},{"asks":[],"bids":[[66698.5,11523,2]],"version":32431138364},{"asks":[],"bids":[[66698.2,3899,1]],"version":32431138363},{"asks":[[66798.7,9855,1]],"bids":[],"version":32431138362},{"asks":[],"bids":[[66698.6,12442,2]],"version":32431138361},{"asks":[],"bids":[[66635.2,0,0]],"version":32431138360},{"asks":[],"bids":[[66650,7,3]],"version":32431138359},{"asks":[],"bids":[[66698.2,11830,2]],"version":32431138358},{"asks":[[66705.5,5775,2]],"bids":[],"version":32431138357},{"asks":[],"bids":[[66698.4,12016,2]],"version":32431138356},{"asks":[],"bids":[[66697.6,4568,1]],"version":32431138355},{"asks":[],"bids":[[66630.4,0,0]],"version":32431138354},{"asks":[],"bids":[[66698,7931,1]],"version":32431138353},{"asks":[],"bids":[[66698,8871,2]],"version":32431138352},{"asks":[[66758.9,15462,3]],"bids":[],"version":32431138351},{"asks":[],"bids":[[66697.3,162,1]],"version":32431138350},{"asks":[],"bids":[[66698.1,23010,6]],"version":32431138349},{"asks":[],"bids":[[66697.4,4462,1]],"version":32431138348},{"asks":[],"bids":[[66638.9,0,0]],"version":32431138347},{"asks":[],"bids":[[66697.3,177,2]],"version":32431138346},{"asks":[],"bids":[[66698.8,25873,4]],"version":32431138345},{"asks":[[66792.6,8511,1]],"bids":[],"version":32431138344},{"asks":[],"bids":[[66643.4,0,0]],"version":32431138343},{"asks":[],"bids":[[66697.5,12468,2]],"version":32431138342},{"asks":[],"bids":[[66622.7,7888,1]],"version":32431138341},{"asks":[],"bids":[[66641.4,7168,2]],"version":32431138340},{"asks":[],"bids":[[66697.6,12499,2]],"version":32431138339},{"asks":[[66758.9,7553,2]],"bids":[],"version":32431138338},{"asks":[],"bids":[[66698.8,17942,3]],"version":32431138337},{"asks":[],"bids":[[66698,16802,3]],"version":32431138336},{"asks":[],"bids":[[66698.1,22070,5]],"version":32431138335},{"asks":[],"bids":[[66698.1,14139,4]],"version":32431138334},{"asks":[],"bids":[[66698.2,19761,3]],"version":32431138333},{"asks":[],"bids":[[66698.6,20373,3]],"version":32431138332},{"asks":[],"bids":[[66698.2,11830,2]],"version":32431138331},{"asks":[[66788.8,8078,2]],"bids":[],"version":32431138330},{"asks":[],"bids":[[66698.4,19947,3]],"version":32431138329},{"asks":[],"bids":[[66698.5,19454,3]],"version":32431138328},{"asks":[],"bids":[[66697.4,12393,2]],"version":32431138327},{"asks":[],"bids":[[66698.1,13317,3]],"version":32431138326},{"asks":[],"bids":[[66698.3,11448,2]],"version":32431138325},{"asks":[],"bids":[[66698.5,11523,2]],"version":32431138324}],"polled":{"seconds":60,"stepSec":2.0,"levels":20,"snapshots":[{"timestamp":1770953570550,"version":32431178970,"bids":[[66699.4,20616,5],[66699.3,11863,2],[66699.2,3804,1],[66699.1,3698,1],[66699,4620,1],[66698.9,3672,1],[66698.8,4439,1],[66698.7,3797,1],[66698.6,3664,1],[66698.5,103872,2],[66698.4,8617,3],[66698.3,3925,1],[66698.2,4108,1],[66698.1,3861,1],[66698,4624,1],[66697.9,4263,1],[66697.8,3827,1],[66697.7,4255,1],[66697.6,3977,1],[66697.5,3779,1]],"asks":[[66699.5,10471,1],[66699.6,3672,1],[66699.7,3804,1],[66699.8,3698,1],[66699.9,4620,1],[66700,3672,1],[66700.1,4439,1],[66700.2,3797,1],[66700.3,103421,2],[66700.4,4115,1],[66700.5,4148,1],[66700.6,3925,1],[66700.7,4108,1],[66700.8,3861,1],[66700.9,4624,1],[66701,4263,1],[66701.1,3827,1],[66701.2,4255,1],[66701.3,3977,1],[66701.4,3779,1]]},{"timestamp":1770953572922,"version":32431181140,"bids":[[66708.7,18928,3],[66708.6,4244,1],[66708.5,4348,1],[66708.4,4342,1],[66708.3,3462,1],[66708.2,3752,1],[66708.1,3603,1],[66708,4168,1],[66707.9,4639,1],[66707.8,103812,2],[66707.7,5809,2],[66707.6,3914,1],[66707.5,3484,1],[66707.4,4415,1],[66707.3,3960,1],[66707.2,3531,1],[66707.1,3494,1],[66707,3642,1],[66706.9,3949,1],[66706.8,3749,1]],"asks":[[66708.8,15546,2],[66708.9,4244,1],[66709,4348,1],[66709.2,3462,1],[66709.3,3752,1],[66709.4,3603,1],[66709.5,4168,1],[66709.6,104382,2],[66709.7,4069,1],[66709.8,4383,1],[66709.9,3914,1],[66710,3484,1],[66710.1,4415,1],[66710.2,3960,1],[66710.3,3530,1],[66710.4,3494,1],[66710.5,3642,1],[66710.6,3949,1],[66710.7,3749,1],[66710.8,4206,1]]},{"timestamp":1770953575361,"version":32431181770,"bids":[[66710.1,9416,1],[66710,3603,1],[66709.9,3455,1],[66709.8,3748,1],[66709.7,3761,1],[66709.6,3484,1],[66709.5,4100,1],[66709.4,4617,1],[66709.3,4165,1],[66709.2,103647,2],[66709.1,3707,1],[66709,3830,1],[66708.9,4526,1],[66708.8,5069,2],[66708.7,12237,2],[66708.6,7282,1],[66708.4,4269,1],[66708.3,4327,1],[66708.2,4544,1],[66708.1,3753,1]],"asks":[[66710.2,12864,2],[66710.3,7816,2],[66710.4,8053,2],[66710.5,4080,1],[66710.6,4486,1],[66710.7,4442,1],[66710.8,4550,1],[66710.9,4408,1],[66711,103402,2],[66711.1,3866,1],[66711.2,3868,1],[66711.3,3518,1],[66711.4,4428,1],[66711.8,3706,1],[66711.9,4226,1],[66712,4555,1],[66712.1,4472,1],[66712.2,3674,1],[66712.3,3816,1],[66712.4,4075,1]]},{"timestamp":1770953577399,"version":32431183365,"bids":[[66718.1,11501,1],[66718,4115,1],[66717.9,3965,1],[66717.8,4502,1],[66717.7,4479,1],[66717.6,3981,1],[66717.5,3566,1],[66717.4,4266,1],[66717.3,4597,1],[66717.2,103266,2],[66717.1,3925,1],[66717,4414,1],[66716.9,3728,1],[66716.8,3543,1],[66716.7,4103,1],[66716.6,3621,1],[66716.5,4089,1],[66716.4,4294,1],[66716.3,4047,1],[66716.2,3944,1]],"asks":[[66718.2,11515,2],[66718.3,4115,1],[66718.4,3965,1],[66718.5,4502,1],[66718.6,4479,1],[66718.7,3981,1],[66718.8,3566,1],[66718.9,4266,1],[66719,104326,2],[66719.1,3537,1],[66719.2,3925,1],[66719.3,4414,1],[66719.4,3728,1],[66719.5,3543,1],[66719.6,5529,2],[66719.7,3621,1],[66719.8,4089,1],[66719.9,4294,1],[66720,4053,3],[66720.1,3944,1]]},{"timestamp":1770953579594,"version":32431184165,"bids":[[66718.9,19929,5],[66718.8,12561,2],[66718.7,4229,1],[66718.6,3446,1],[66718.5,3733,1],[66718.4,4456,1],[66718.3,3733,1],[66718.2,4051,1],[66718.1,3486,1],[66718,104060,2],[66717.9,3776,1],[66717.8,3718,1],[66717.7,4182,1],[66717.6,4475,1],[66717.5,5212,2],[66717.4,3770,1],[66717.3,4489,1],[66717.2,4601,1],[66717.1,3695,1],[66717,4007,1]],"asks":[[66719,10598,1],[66719.1,4611,1],[66719.2,4229,1],[66719.3,3446,1],[66719.4,3733,1],[66719.5,4456,1],[66719.6,3733,1],[66719.7,4051,1],[66719.8,103214,2],[66719.9,4332,1],[66720,3782,3],[66720.1,3718,1],[66720.2,4182,1],[66720.3,4475,1],[66720.4,3786,1],[66720.5,3770,1],[66720.6,4489,1],[66720.7,4601,1],[66720.8,3695,1],[66720.9,4007,1]]},{"timestamp":1770953582279,"version":32431185720,"bids":[[66710.1,13154,2],[66710,7698,2],[66709.9,8256,2],[66709.8,4307,1],[66709.7,4306,1],[66709.6,4083,1],[66709.5,3700,1],[66709.4,3954,1],[66709.2,99741,1],[66709,3535,1],[66708.9,4273,1],[66708.8,3706,1],[66708.7,3846,2],[66708.6,3779,1],[66708.5,3824,1],[66708.4,4602,1],[66708.3,3981,1],[66708.2,4498,1],[66708.1,4387,1],[66708,4232,1]],"asks":[[66710.2,28537,8],[66710.3,3917,1],[66710.4,3694,1],[66710.5,4392,1],[66710.6,3584,1],[66710.7,4544,1],[66710.8,4203,1],[66710.9,4301,1],[66711,104389,2],[66711.1,4221,1],[66711.2,3819,1],[66711.3,3535,1],[66711.4,4273,1],[66711.5,3706,1],[66711.6,3472,1],[66711.7,3779,1],[66711.8,3824,1],[66711.9,4602,1],[66712,3981,1],[66712.4,1426,1]]},{"timestamp":1770953584482,"version":32431186460,"bids":[[66712,10803,3],[66711.9,12110,2],[66711.8,4323,1],[66711.7,3631,1],[66711.6,4519,1],[66711.5,4165,1],[66711.4,3921,1],[66711.3,4386,1],[66711.2,4535,1],[66711.1,103347,2],[66711,3667,1],[66710.9,3907,1],[66710.8,3976,1],[66710.7,4097,1],[66710.6,4384,1],[66710.5,3593,1],[66710.4,4514,1],[66710.3,4044,1],[66710.2,3924,1],[66710.1,4417,1]],"asks":[[66712.1,9159,1],[66712.2,3940,1],[66712.3,4323,1],[66712.4,3631,1],[66712.5,4519,1],[66712.6,4165,1],[66712.7,3921,1],[66712.8,4386,1],[66712.9,104274,2],[66713,3608,1],[66713.1,3667,1],[66713.2,3907,1],[66713.3,3976,1],[66713.4,4097,1],[66713.5,4384,1],[66713.6,3593,1],[66713.7,4514,1],[66713.8,4044,1],[66713.9,3924,1],[66714,4417,1]]},{"timestamp":1770953586728,"version":32431186905,"bids":[[66712,7895,1],[66711.9,4304,1],[66711.8,4260,1],[66711.7,4098,1],[66711.6,3952,1],[66711.5,4194,1],[66711.4,4219,1],[66711.3,3518,1],[66711.2,4526,1],[66711.1,103252,2],[66711,4523,1],[66710.9,4642,1],[66710.8,4061,1],[66710.7,3557,1],[66710.6,4445,1],[66710.5,3655,1],[66710.4,4519,1],[66710.3,4501,1],[66710.2,4202,1],[66710.1,3725,1]],"asks":[[66712.1,22282,4],[66712.2,14364,2],[66712.3,4260,1],[66712.4,4098,1],[66712.5,5378,2],[66712.6,4194,1],[66712.7,4219,1],[66712.8,3518,1],[66712.9,104265,2],[66713,3513,1],[66713.1,4523,1],[66713.2,4642,1],[66713.3,4061,1],[66713.4,3557,1],[66713.5,4445,1],[66713.6,3655,1],[66713.7,4519,1],[66713.8,4501,1],[66713.9,5628,2],[66714,3725,1]]},{"timestamp":1770953588850,"version":32431188835,"bids":[[66700.8,10495,1],[66700.7,4027,1],[66700.6,3458,1],[66700.5,3670,1],[66700.4,3850,1],[66700.3,3740,1],[66700.2,3525,1],[66700.1,3672,1],[66700,3690,1],[66699.9,105687,3],[66699.8,3706,1],[66699.7,3804,1],[66699.6,3514,1],[66699.5,4462,1],[66699.4,3889,1],[66699.3,4173,1],[66699.2,3865,1],[66699.1,4597,1],[66699,3679,1],[66698.9,4226,1]],"asks":[[66700.9,10554,1],[66701,4027,1],[66701.1,3458,1],[66701.2,3670,1],[66701.3,3850,1],[66701.4,3740,1],[66701.5,3525,1],[66701.6,3672,1],[66701.7,103445,2],[66701.8,4506,1],[66701.9,3706,1],[66702,3804,1],[66702.1,3514,1],[66702.2,4462,1],[66702.3,3889,1],[66702.4,4173,1],[66702.5,3865,1],[66702.6,4597,1],[66702.7,3679,1],[66702.8,4226,1]]},{"timestamp":1770953591388,"version":32431189218,"bids":[[66700.8,9849,1],[66700.7,3706,1],[66700.6,3805,1],[66700.5,4203,1],[66700.4,4305,1],[66700.3,4639,1],[66700.2,4384,1],[66700.1,4224,1],[66700,3910,1],[66699.9,104780,3],[66699.8,4363,1],[66699.7,3995,1],[66699.6,3846,1],[66699.5,3971,1],[66699.4,3617,1],[66699.3,4213,1],[66699.2,3794,1],[66699.1,4263,1],[66699,3474,1],[66698.9,3917,1]],"asks":[[66700.9,11770,3],[66701,3706,1],[66701.1,3805,1],[66701.2,4203,1],[66701.3,4305,1],[66701.4,4639,1],[66701.5,4384,1],[66701.6,4224,1],[66701.7,103665,2],[66701.8,3599,1],[66701.9,4363,1],[66702,3995,1],[66702.1,3846,1],[66702.2,3971,1],[66702.3,3617,1],[66702.4,4213,1],[66702.5,3794,1],[66702.6,4263,1],[66702.7,3474,1],[66702.8,3917,1]]},{"timestamp":1770953593724,"version":32431191255,"bids":[[66696.1,11887,5],[66695.4,7732,1],[66695,1426,1],[66693.4,10613,1],[66693.3,4563,1],[66693.2,4898,2],[66693,4588,1],[66692.9,3703,1],[66692.8,3813,1],[66692.7,4463,1],[66692.5,99781,2],[66692.3,4427,1],[66692.2,3691,1],[66692.1,4574,1],[66692,3827,1],[66691.9,4517,1],[66691.8,5947,2],[66691.7,4058,1],[66691.6,3569,1],[66691.5,3556,1]],"asks":[[66696.2,8237,2],[66696.3,8510,2],[66696.4,4238,1],[66696.5,4150,1],[66696.6,4721,1],[66696.7,4436,1],[66696.8,4813,1],[66696.9,4309,1],[66697,4934,1],[66697.1,4349,1],[66697.2,4653,1],[66697.3,4566,1],[66697.4,3766,1],[66697.5,3830,1],[66697.6,4851,1],[66697.7,4077,1],[66697.8,4367,1],[66697.9,4115,1],[66698.3,4869,1],[66698.4,4996,1]]},{"timestamp":1770953595925,"version":32431192250,"bids":[[66700.8,20165,5],[66700.7,12985,2],[66700.6,4355,1],[66700.5,5766,2],[66700.4,4095,1],[66700.3,3795,1],[66700.2,3643,1],[66700.1,3666,1],[66700,4637,1],[66699.9,103448,2],[66699.8,4097,1],[66699.7,3993,1],[66699.6,4380,1],[66699.5,4206,1],[66699.4,4619,1],[66699.3,3733,1],[66699.2,4478,1],[66699.1,5590,2],[66699,3618,1],[66698.9,3630,1]],"asks":[[66700.9,9817,1],[66701,3865,1],[66701.1,4355,1],[66701.2,4340,1],[66701.3,4095,1],[66701.4,3795,1],[66701.5,3643,1],[66701.6,3666,1],[66701.7,104392,2],[66701.8,3693,1],[66701.9,4097,1],[66702,3993,1],[66702.1,4380,1],[66702.2,4206,1],[66702.3,4619,1],[66702.4,3733,1],[66702.5,4478,1],[66702.6,4164,1],[66702.7,3618,1],[66702.8,3630,1]]},{"timestamp":1770953597935,"version":32431192604,"bids":[[66700.8,23624,4],[66700.7,13095,2],[66700.6,4453,1],[66700.5,4405,1],[66700.4,3798,1],[66700.3,4379,1],[66700.2,4099,1],[66700.1,3550,1],[66700,3722,1],[66699.9,103546,2],[66699.8,5968,2],[66699.7,3782,2],[66699.6,3572,1],[66699.5,4619,1],[66699.4,4649,1],[66699.3,3773,1],[66699.2,4588,1],[66699.1,3944,1],[66699,3559,1],[66698.9,4074,1]],"asks":[[66700.9,8732,1],[66701,3608,1],[66701.1,4453,1],[66701.2,4405,1],[66701.3,3798,1],[66701.4,4379,1],[66701.5,4099,1],[66701.6,3550,1],[66701.7,103477,2],[66701.8,3791,1],[66701.9,4542,1],[66702,3767,1],[66702.1,3572,1],[66702.2,4619,1],[66702.3,4649,1],[66702.4,3773,1],[66702.5,4588,1],[66702.6,3944,1],[66702.7,3559,1],[66702.8,4074,1]]},{"timestamp":1770953600405,"version":32431194793,"bids":[[66711.9,25019,4],[66711.8,4481,1],[66711.7,4062,1],[66711.6,4403,1],[66711.5,4577,1],[66711.4,3548,1],[66711.3,20080,3],[66711.2,4207,1],[66711.1,4383,1],[66711,103329,2],[66710.9,3778,1],[66710.8,3648,1],[66710.7,4361,1],[66710.6,3472,1],[66710.2,3980,1],[66710.1,3936,1],[66710,3472,1],[66709.9,4624,1],[66709.8,3573,1],[66709.7,4420,1]],"asks":[[66712,13319,2],[66712.1,8522,2],[66712.2,7661,2],[66712.3,4387,1],[66712.4,3457,1],[66712.5,4270,1],[66712.6,4076,1],[66712.7,3614,1],[66712.8,103322,2],[66712.9,4095,1],[66713,4026,1],[66713.1,3484,1],[66713.2,13796,3],[66713.3,8742,2],[66713.4,7602,2],[66713.5,4510,1],[66713.6,8760,2],[66713.7,8099,2],[66713.8,8182,2],[66713.9,8779,2]]},{"timestamp":1770953602915,"version":32431195266,"bids":[[66711.9,26248,4],[66711.8,11415,2],[66711.7,3492,1],[66711.6,4001,1],[66711.5,4299,1],[66711.4,3708,1],[66711.3,4026,1],[66711.2,4435,1],[66711.1,4119,1],[66711,105507,3],[66710.9,3837,1],[66710.8,3604,1],[66710.7,3869,1],[66710.6,3470,1],[66710.5,4002,1],[66710.4,4261,1],[66710.3,3743,1],[66710.2,3974,1],[66710.1,4621,1],[66710,4605,1]],"asks":[[66712,11264,1],[66712.1,3603,1],[66712.2,3492,1],[66712.3,4001,1],[66712.4,4299,1],[66712.5,3708,1],[66712.6,4026,1],[66712.7,4435,1],[66712.8,103858,2],[66712.9,4342,1],[66713,3837,1],[66713.1,3604,1],[66713.2,3869,1],[66713.3,3470,1],[66713.4,4002,1],[66713.5,4261,1],[66713.6,3743,1],[66713.7,3974,1],[66713.8,4621,1],[66713.9,4605,1]]},{"timestamp":1770953605564,"version":32431197985,"bids":[[66727.2,10305,2],[66727.1,3078,1],[66727,2855,1],[66726.9,3065,1],[66726.8,2989,1],[66726.7,2772,1],[66726.6,2536,1],[66726.5,10991,4],[66726.4,3089,1],[66726.3,2502,1],[66726.2,2848,1],[66726.1,2558,1],[66726,3066,1],[66725.9,19436,4],[66725.8,2673,1],[66725.7,2937,1],[66725.6,2948,1],[66725.5,2756,1],[66725.4,2595,1],[66725.3,2962,1]],"asks":[[66727.3,4943,1],[66727.4,4162,1],[66727.5,4916,1],[66727.6,4173,1],[66727.7,4740,1],[66728.1,4003,1],[66728.2,4567,1],[66728.3,4069,1],[66728.4,4481,1],[66728.5,4600,2],[66728.6,4455,2],[66728.7,4210,1],[66728.8,4150,1],[66728.9,4839,1],[66729,4547,1],[66729.1,4194,1],[66729.2,4707,1],[66729.3,4416,1],[66729.4,4777,1],[66729.5,4488,2]]},{"timestamp":1770953607693,"version":32431200580,"bids":[[66720.6,15111,2],[66720.5,7989,2],[66720.4,6973,2],[66720.3,4454,1],[66720.2,3507,1],[66720.1,3846,1],[66720,4229,1],[66719.9,3632,1],[66719.8,3450,1],[66719.7,103938,2],[66719.6,3984,1],[66719.5,3737,1],[66719.4,3889,1],[66719.3,4211,1],[66719.2,3909,1],[66719.1,7591,2],[66719,3918,1],[66718.9,4240,1],[66718.8,4050,1],[66718.4,3754,1]],"asks":[[66723.3,364,1],[66723.4,4259,1],[66723.5,4430,1],[66723.6,4199,1],[66723.7,4297,1],[66723.8,4232,1],[66723.9,4954,1],[66724,4283,1],[66724.1,6342,2],[66724.2,11942,2],[66724.3,4242,1],[66724.4,4151,1],[66724.5,4123,1],[66724.6,4786,1],[66724.7,4498,1],[66724.8,4397,1],[66724.9,4233,1],[66725,4205,1],[66725.1,4795,1],[66725.2,4805,1]]},{"timestamp":1770953609871,"version":32431202285,"bids":[[66712.8,3818,1],[66712.7,4100,1],[66712.6,4445,1],[66712.5,4236,1],[66712.4,4360,1],[66712.3,5006,1],[66712.1,3960,1],[66711.9,3929,1],[66711.7,4257,1],[66711.5,4042,1],[66711.3,4027,1],[66711.1,4640,1],[66710.9,3855,1],[66710.7,4506,1],[66710.5,4548,1],[66709.8,4793,1],[66709.6,4469,1],[66709.4,27255,2],[66709.2,4211,1],[66709,4504,1]],"asks":[[66712.9,15075,3],[66714.9,822,1],[66715.3,17356,5],[66715.6,3001,1],[66715.7,4119,2],[66715.8,2608,1],[66715.9,3017,1],[66716,2526,1],[66716.1,2830,1],[66716.2,2445,1],[66716.3,3039,1],[66716.4,10449,2],[66717.2,3084,1],[66717.3,2447,1],[66717.4,2678,1],[66717.5,4191,2],[66717.6,2514,1],[66717.7,2509,1],[66717.8,2431,1],[66718.2,6480,2]]},{"timestamp":1770953612207,"version":32431204255,"bids":[[66718.1,103344,2],[66718,3916,1],[66717.9,4026,1],[66717.8,4242,1],[66717.7,4085,1],[66717.6,4030,1],[66717.5,3543,1],[66717.4,3956,1],[66717.3,4131,1],[66717.2,3617,1],[66717.1,3949,1],[66717,4421,1],[66716.9,4037,1],[66716.8,3493,1],[66716.7,3625,1],[66716.6,9117,2],[66716.5,4466,1],[66716.4,8117,2],[66716.3,3924,1],[66716.2,8479,2]],"asks":[[66718.2,17821,7],[66718.3,7565,1],[66719.4,12718,2],[66719.5,7459,2],[66719.6,8146,2],[66719.7,4108,1],[66719.8,4425,1],[66719.9,3977,1],[66720,5055,2],[66720.1,3916,1],[66720.2,103754,2],[66720.3,4242,1],[66720.4,4085,1],[66720.5,4030,1],[66720.6,3543,1],[66720.7,3956,1],[66720.8,4131,1],[66720.9,3617,1],[66721,3949,1],[66721.1,4421,1]]},{"timestamp":1770953614613,"version":32431205200,"bids":[[66714.1,12589,2],[66714,4014,1],[66713.9,3934,1],[66713.8,4073,1],[66713.7,4285,1],[66713.6,3814,1],[66713.5,3713,1],[66713.4,4372,1],[66713.3,3441,1],[66713.2,104383,2],[66713.1,3957,1],[66713,6945,2],[66712.9,4092,1],[66712.8,4175,1],[66712.7,6071,2],[66712.6,3876,1],[66712.5,3556,1],[66712.4,3774,1],[66712.3,4128,1],[66712.2,3880,1]],"asks":[[66714.2,11156,1],[66714.3,4014,1],[66714.4,3934,1],[66714.5,4073,1],[66714.6,4285,1],[66714.7,3814,1],[66714.8,3713,1],[66714.9,4372,1],[66715,103176,2],[66715.1,4648,1],[66715.2,3957,1],[66715.3,3918,1],[66715.4,4092,1],[66715.5,4175,1],[66715.6,4645,1],[66715.7,3876,1],[66715.8,3556,1],[66715.9,3774,1],[66716,4128,1],[66716.1,3880,1]]},{"timestamp":1770953616909,"version":32431205620,"bids":[[66714.1,9072,1],[66714,4431,1],[66713.9,3830,1],[66713.8,4515,1],[66713.7,4513,1],[66713.6,3664,1],[66713.5,4130,1],[66713.4,4289,1],[66713.3,4356,1],[66713.2,103720,2],[66713.1,4449,1],[66713,7615,2],[66712.9,4510,1],[66712.8,4195,1],[66712.7,4052,1],[66712.6,3489,1],[66712.5,4621,1],[66712.4,4623,1],[66712.3,3789,1],[66712.2,3727,1]],"asks":[[66714.2,12360,5],[66714.3,4431,1],[66714.4,3830,1],[66714.5,4515,1],[66714.6,4513,1],[66714.7,3664,1],[66714.8,4130,1],[66714.9,4289,1],[66715,104091,2],[66715.1,3985,1],[66715.2,4449,1],[66715.3,4588,1],[66715.4,4510,1],[66715.5,4195,1],[66715.6,4052,1],[66715.7,3489,1],[66715.8,6047,2],[66715.9,4623,1],[66716,3789,1],[66716.1,3727,1]]},{"timestamp":1770953619169,"version":32431206675,"bids":[[66714.1,9364,1],[66714,3540,1],[66713.9,3444,1],[66713.8,3891,1],[66713.7,4027,1],[66713.6,3593,1],[66713.5,3935,1],[66713.4,3516,1],[66713.3,4259,1],[66713.2,103366,2],[66713.1,3810,1],[66713,3461,1],[66712.9,4173,1],[66712.8,4453,1],[66712.7,3573,1],[66712.6,3915,1],[66712.5,4275,1],[66712.4,3706,1],[66712.3,4114,1],[66712.2,4247,1]],"asks":[[66714.2,21571,7],[66714.3,3540,1],[66714.4,3444,1],[66714.5,3891,1],[66714.6,4027,1],[66714.7,3593,1],[66714.8,3935,1],[66714.9,3516,1],[66715,103994,2],[66715.1,3631,1],[66715.2,3810,1],[66715.3,3461,1],[66715.4,4173,1],[66715.5,4453,1],[66715.6,3573,1],[66715.7,3915,1],[66715.8,4275,1],[66715.9,3706,1],[66716,4114,1],[66716.1,4247,1]]},{"timestamp":1770953621394,"version":32431208645,"bids":[[66697.5,14778,2],[66697.4,7940,2],[66697.3,8780,2],[66697.2,3487,1],[66697.1,3601,1],[66697,4223,1],[66696.6,103696,2],[66696.5,4188,1],[66696.4,4504,1],[66696.3,5435,2],[66696.2,3793,1],[66696.1,3983,1],[66696,4046,1],[66695.9,3700,1],[66695.8,4284,1],[66695.7,3688,1],[66695.6,3880,1],[66695.5,3887,1],[66695.4,6981,2],[66695.3,4068,1]],"asks":[[66697.8,822,1],[66697.9,2466,3],[66700.1,12095,2],[66700.2,3903,1],[66700.3,4131,1],[66700.4,3741,1],[66700.5,4172,1],[66700.6,4199,1],[66700.7,3728,1],[66700.8,4715,1],[66700.9,4494,1],[66701,3830,1],[66701.1,4589,1],[66701.2,3832,1],[66701.3,4268,1],[66701.4,3801,1],[66701.5,4115,1],[66701.6,4636,1],[66701.7,4903,1],[66701.8,4045,1]]},{"timestamp":1770953623746,"version":32431209855,"bids":[[66699.6,28999,5],[66699.5,15118,3],[66699.4,8213,2],[66699.3,3870,1],[66699.2,4253,1],[66699.1,4266,1],[66699,3696,1],[66698.9,3543,1],[66698.8,3982,1],[66698.7,104072,2],[66698.6,3869,1],[66698.5,4592,1],[66698.4,3656,1],[66698.3,3630,1],[66698.2,1426,1],[66697.9,3915,1],[66697.8,3635,1],[66697.7,4315,1],[66697.6,3556,1],[66697.5,4653,1]],"asks":[[66699.7,9726,2],[66699.8,4527,1],[66699.9,4629,1],[66700,4383,1],[66700.1,3725,1],[66700.2,3442,1],[66700.3,4314,1],[66700.4,3660,1],[66700.5,104330,2],[66700.6,4488,1],[66700.7,3755,1],[66700.8,4551,1],[66700.9,3892,1],[66701.3,4210,1],[66701.4,4110,1],[66701.5,3759,1],[66701.6,3715,1],[66701.7,4477,1],[66701.8,4472,1],[66701.9,3687,1]]},{"timestamp":1770953625881,"version":32431210215,"bids":[[66699.7,8023,2],[66699.6,19132,3],[66699.5,4382,1],[66699.4,3984,1],[66699.3,3530,1],[66699.2,4541,1],[66699.1,4542,1],[66699,3704,1],[66698.9,3815,1],[66698.8,4633,1],[66698.7,103464,2],[66698.6,4526,1],[66698.5,4275,1],[66698.4,3919,1],[66698.3,4000,1],[66698.2,5479,2],[66698.1,4126,1],[66698,4619,1],[66697.9,4349,1],[66697.8,3548,1]],"asks":[[66699.8,4838,2],[66699.9,3984,1],[66700,3530,1],[66700.1,4541,1],[66700.2,4542,1],[66700.3,3704,1],[66700.4,3815,1],[66700.5,104390,2],[66700.6,3707,1],[66700.7,4526,1],[66700.8,4275,1],[66700.9,3919,1],[66701,4000,1],[66701.1,4053,1],[66701.2,4126,1],[66701.3,4619,1],[66701.4,4349,1],[66701.5,3548,1],[66701.6,4649,1],[66701.7,3608,1]]},{"timestamp":1770953627997,"version":32431210660,"bids":[[66699.7,7739,2],[66699.6,17841,3],[66699.5,4282,1],[66699.4,4648,1],[66699.3,4489,1],[66699.2,3902,1],[66699.1,3789,1],[66699,3908,1],[66698.9,4628,1],[66698.8,4251,1],[66698.7,104036,2],[66698.6,3990,1],[66698.5,3835,1],[66698.4,4284,1],[66698.3,3671,1],[66698.2,5003,2],[66698.1,4070,1],[66698,3687,1],[66697.9,4058,1],[66697.8,3788,1]],"asks":[[66699.8,4721,2],[66699.9,4648,1],[66700,4489,1],[66700.1,3902,1],[66700.2,3789,1],[66700.3,3908,1],[66700.4,4628,1],[66700.5,104008,2],[66700.6,4279,1],[66700.7,3990,1],[66700.8,3835,1],[66700.9,4284,1],[66701,3671,1],[66701.1,3577,1],[66701.2,4070,1],[66701.3,3687,1],[66701.4,4058,1],[66701.5,3788,1],[66701.6,3546,1],[66701.7,4178,1]]}]}},"trades":[{"p":66697.4,"v":4,"T":1,"O":3,"M":1,"t":1770953507076,"i":"13365516060"},{"p":66697.3,"v":3,"T":2,"O":3,"M":1,"t":1770953506077,"i":"13365515907"},{"p":66697.4,"v":2,"T":1,"O":3,"M":1,"t":1770953506076,"i":"13365515906"},{"p":66697.4,"v":3,"T":2,"O":3,"M":1,"t":1770953506076,"i":"13365515905"},{"p":66697.3,"v":3,"T":1,"O":3,"M":1,"t":1770953506076,"i":"13365515904"},{"p":66697.4,"v":4,"T":1,"O":3,"M":1,"t":1770953506076,"i":"13365515903"},{"p":66700.9,"v":65,"T":1,"O":1,"M":2,"t":1770953505140,"i":"13365515802"},{"p":66713.6,"v":299,"T":1,"O":1,"M":2,"t":1770953504200,"i":"13365515706"},{"p":66713.5,"v":22,"T":2,"O":3,"M":1,"t":1770953504078,"i":"13365515663"},{"p":66713.6,"v":12,"T":1,"O":1,"M":2,"t":1770953503817,"i":"13365515649"},{"p":66711.2,"v":1428,"T":1,"O":2,"M":2,"t":1770953503638,"i":"13365515638"},{"p":66711.1,"v":588,"T":2,"O":1,"M":2,"t":1770953503585,"i":"13365515635"},{"p":66711.2,"v":749,"T":1,"O":3,"M":2,"t":1770953503212,"i":"13365515584"},{"p":66711.1,"v":3068,"T":2,"O":3,"M":2,"t":1770953503173,"i":"13365515565"},{"p":66711.1,"v":13,"T":2,"O":3,"M":1,"t":1770953503077,"i":"13365515538"},{"p":66711.2,"v":10,"T":2,"O":3,"M":1,"t":1770953502577,"i":"13365515508"},{"p":66711.1,"v":17,"T":2,"O":2,"M":2,"t":1770953501718,"i":"13365515357"},{"p":66700,"v":500,"T":1,"O":3,"M":2,"t":1770953500845,"i":"13365515234"},{"p":66691.9,"v":4,"T":1,"O":3,"M":1,"t":1770953500076,"i":"13365515099"},{"p":66691.8,"v":13,"T":2,"O":3,"M":1,"t":1770953499577,"i":"13365515048"},{"p":66691.9,"v":10,"T":1,"O":3,"M":1,"t":1770953499076,"i":"13365514984"},{"p":66688.1,"v":6,"T":1,"O":3,"M":1,"t":1770953498078,"i":"13365514867"},{"p":66688.1,"v":3,"T":1,"O":3,"M":1,"t":1770953498078,"i":"13365514866"},{"p":66688.1,"v":4,"T":1,"O":3,"M":1,"t":1770953498077,"i":"13365514865"},{"p":66688,"v":1000,"T":2,"O":1,"M":2,"t":1770953497456,"i":"13365514827"},{"p":66688,"v":1369,"T":2,"O":3,"M":2,"t":1770953497280,"i":"13365514804"},{"p":66688.1,"v":13,"T":1,"O":3,"M":1,"t":1770953497077,"i":"13365514749"},{"p":66691.8,"v":57,"T":2,"O":3,"M":2,"t":1770953496575,"i":"13365514696"},{"p":66691.9,"v":3715,"T":1,"O":1,"M":2,"t":1770953496558,"i":"13365514695"},{"p":66691.9,"v":92,"T":1,"O":2,"M":2,"t":1770953496303,"i":"13365514687"},{"p":66691.8,"v":500,"T":2,"O":3,"M":2,"t":1770953496094,"i":"13365514646"},{"p":66691.9,"v":18,"T":1,"O":3,"M":1,"t":1770953496077,"i":"13365514645"},{"p":66691.8,"v":3003,"T":2,"O":2,"M":2,"t":1770953495739,"i":"13365514612"},{"p":66691.9,"v":5183,"T":1,"O":2,"M":2,"t":1770953495479,"i":"13365514581"},{"p":66689.2,"v":18,"T":2,"O":3,"M":1,"t":1770953495078,"i":"13365514516"},{"p":66688.9,"v":1,"T":2,"O":3,"M":1,"t":1770953494576,"i":"13365514485"},{"p":66691.9,"v":13,"T":1,"O":3,"M":1,"t":1770953494077,"i":"13365514422"},{"p":66691.8,"v":180,"T":2,"O":1,"M":2,"t":1770953493999,"i":"13365514417"},{"p":66691.9,"v":149,"T":1,"O":1,"M":2,"t":1770953493771,"i":"13365514397"},{"p":66691.8,"v":404,"T":2,"O":3,"M":2,"t":1770953493236,"i":"13365514342"},{"p":66691.8,"v":15,"T":2,"O":3,"M":2,"t":1770953493235,"i":"13365514341"},{"p":66691.8,"v":9581,"T":2,"O":2,"M":2,"t":1770953493235,"i":"13365514340"},{"p":66691.8,"v":22,"T":2,"O":3,"M":1,"t":1770953493076,"i":"13365514293"},{"p":66684.3,"v":14,"T":1,"O":1,"M":2,"t":1770953492683,"i":"13365514276"},{"p":66684.3,"v":7,"T":1,"O":3,"M":1,"t":1770953492576,"i":"13365514258"},{"p":66684.3,"v":4,"T":1,"O":3,"M":1,"t":1770953492576,"i":"13365514257"},{"p":66684.3,"v":4,"T":1,"O":3,"M":1,"t":1770953492576,"i":"13365514256"},{"p":66684.2,"v":1,"T":2,"O":3,"M":2,"t":1770953492396,"i":"13365514251"},{"p":66684.2,"v":353,"T":2,"O":3,"M":2,"t":1770953492202,"i":"13365514208"},{"p":66684.2,"v":1426,"T":2,"O":3,"M":2,"t":1770953492202,"i":"13365514207"},{"p":66686.3,"v":2,"T":2,"O":3,"M":1,"t":1770953491578,"i":"13365514136"},{"p":66686.3,"v":3,"T":2,"O":3,"M":1,"t":1770953491577,"i":"13365514135"},{"p":66686.4,"v":509,"T":1,"O":1,"M":2,"t":1770953491576,"i":"13365514134"},{"p":66686.4,"v":15,"T":1,"O":1,"M":2,"t":1770953491576,"i":"13365514133"},{"p":66686.4,"v":5,"T":1,"O":3,"M":1,"t":1770953491077,"i":"13365514048"},{"p":66686.3,"v":136,"T":2,"O":1,"M":2,"t":1770953490925,"i":"13365514042"},{"p":66686.3,"v":1042,"T":2,"O":1,"M":2,"t":1770953490865,"i":"13365514040"},{"p":66688,"v":4195,"T":2,"O":3,"M":2,"t":1770953490391,"i":"13365514007"},{"p":66688,"v":15,"T":2,"O":1,"M":2,"t":1770953490391,"i":"13365514006"},{"p":66688.1,"v":7,"T":1,"O":3,"M":1,"t":1770953490076,"i":"13365513928"},{"p":66688.1,"v":5,"T":1,"O":3,"M":1,"t":1770953490076,"i":"13365513927"},{"p":66688,"v":628,"T":2,"O":3,"M":2,"t":1770953489920,"i":"13365513925"},{"p":66681,"v":349,"T":2,"O":3,"M":2,"t":1770953489905,"i":"13365513923"},{"p":66681.1,"v":3621,"T":2,"O":3,"M":2,"t":1770953489905,"i":"13365513922"},{"p":66681.2,"v":1426,"T":2,"O":3,"M":2,"t":1770953489905,"i":"13365513921"},{"p":66681.4,"v":3,"T":2,"O":2,"M":2,"t":1770953489905,"i":"13365513920"},{"p":66681.5,"v":3881,"T":2,"O":3,"M":2,"t":1770953489905,"i":"13365513919"},{"p":66681.6,"v":3776,"T":2,"O":3,"M":2,"t":1770953489905,"i":"13365513918"},{"p":66681.7,"v":3622,"T":2,"O":3,"M":2,"t":1770953489905,"i":"13365513917"},{"p":66681.8,"v":9349,"T":2,"O":2,"M":2,"t":1770953489905,"i":"13365513916"},{"p":66682.9,"v":1426,"T":2,"O":3,"M":2,"t":1770953489905,"i":"13365513915"},{"p":66684.3,"v":1127,"T":2,"O":3,"M":2,"t":1770953489905,"i":"13365513914"},{"p":66686.1,"v":1426,"T":2,"O":3,"M":2,"t":1770953489905,"i":"13365513913"},{"p":66687.5,"v":1426,"T":2,"O":3,"M":2,"t":1770953489905,"i":"13365513912"},{"p":66684.3,"v":299,"T":2,"O":3,"M":2,"t":1770953489878,"i":"13365513911"},{"p":66688,"v":1,"T":2,"O":3,"M":2,"t":1770953489878,"i":"13365513910"},{"p":66690,"v":1989,"T":2,"O":2,"M":2,"t":1770953489237,"i":"13365513845"},{"p":66695.3,"v":6,"T":2,"O":3,"M":2,"t":1770953489237,"i":"13365513844"},{"p":66697.6,"v":1,"T":2,"O":2,"M":2,"t":1770953489237,"i":"13365513843"},{"p":66700,"v":13,"T":2,"O":3,"M":2,"t":1770953489166,"i":"13365513822"},{"p":66700,"v":2,"T":2,"O":3,"M":2,"t":1770953489166,"i":"13365513821"},{"p":66700,"v":1,"T":2,"O":2,"M":2,"t":1770953489165,"i":"13365513820"},{"p":66700,"v":1,"T":2,"O":3,"M":2,"t":1770953489165,"i":"13365513819"},{"p":66700,"v":5,"T":2,"O":3,"M":2,"t":1770953489165,"i":"13365513818"},{"p":66700.3,"v":8,"T":1,"O":3,"M":1,"t":1770953489080,"i":"13365513788"},{"p":66700.3,"v":5,"T":1,"O":3,"M":1,"t":1770953489078,"i":"13365513787"},{"p":66700.3,"v":10,"T":1,"O":3,"M":1,"t":1770953489078,"i":"13365513786"},{"p":66700.2,"v":222,"T":2,"O":1,"M":2,"t":1770953488888,"i":"13365513759"},{"p":66700.2,"v":113,"T":2,"O":1,"M":2,"t":1770953488781,"i":"13365513755"},{"p":66701,"v":1,"T":2,"O":3,"M":2,"t":1770953488781,"i":"13365513754"},{"p":66705.6,"v":7,"T":2,"O":1,"M":2,"t":1770953488781,"i":"13365513753"},{"p":66705.6,"v":1,"T":2,"O":3,"M":2,"t":1770953488717,"i":"13365513752"},{"p":66710.7,"v":2,"T":2,"O":3,"M":2,"t":1770953488241,"i":"13365513681"},{"p":66711.2,"v":13,"T":2,"O":2,"M":2,"t":1770953488241,"i":"13365513680"},{"p":66712.3,"v":1756,"T":2,"O":3,"M":2,"t":1770953488240,"i":"13365513679"},{"p":66712.3,"v":2579,"T":2,"O":3,"M":2,"t":1770953488240,"i":"13365513678"},{"p":66712.3,"v":2684,"T":2,"O":3,"M":2,"t":1770953488240,"i":"13365513677"},{"p":66712.4,"v":104,"T":1,"O":1,"M":2,"t":1770953488235,"i":"13365513676"},{"p":66712.4,"v":104,"T":1,"O":3,"M":2,"t":1770953488127,"i":"13365513651"},{"p":66712.4,"v":7,"T":1,"O":3,"M":1,"t":1770953488076,"i":"13365513643"}],"klines":{"1m":[{"ts":"2026-02-12T23:32:00Z","o":66399.0,"h":66456.1,"l":66375.8,"c":66399.0,"v":247985.0},{"ts":"2026-02-12T23:33:00Z","o":66399.0,"h":66426.0,"l":66273.4,"c":66326.1,"v":233235.0},{"ts":"2026-02-12T23:34:00Z","o":66326.1,"h":66370.0,"l":66326.1,"c":66343.2,"v":384893.0},{"ts":"2026-02-12T23:35:00Z","o":66343.2,"h":66359.2,"l":66296.1,"c":66311.8,"v":266680.0},{"ts":"2026-02-12T23:36:00Z","o":66311.8,"h":66314.3,"l":66276.9,"c":66276.9,"v":162191.0},{"ts":"2026-02-12T23:37:00Z","o":66276.9,"h":66292.2,"l":66253.3,"c":66253.4,"v":298882.0},{"ts":"2026-02-12T23:38:00Z","o":66253.4,"h":66272.2,"l":66204.6,"c":66209.7,"v":437369.0},{"ts":"2026-02-12T23:39:00Z","o":66209.7,"h":66250.0,"l":66199.7,"c":66200.2,"v":190815.0},{"ts":"2026-02-12T23:40:00Z","o":66200.2,"h":66241.0,"l":66200.2,"c":66220.3,"v":287311.0},{"ts":"2026-02-12T23:41:00Z","o":66220.3,"h":66264.4,"l":66216.1,"c":66264.2,"v":328060.0},{"ts":"2026-02-12T23:42:00Z","o":66264.2,"h":66264.2,"l":66220.1,"c":66220.2,"v":165297.0},{"ts":"2026-02-12T23:43:00Z","o":66220.2,"h":66250.0,"l":66197.9,"c":66197.9,"v":167256.0},{"ts":"2026-02-12T23:44:00Z","o":66197.9,"h":66220.0,"l":66175.3,"c":66219.9,"v":293940.0},{"ts":"2026-02-12T23:45:00Z","o":66219.9,"h":66245.6,"l":66198.7,"c":66198.7,"v":81048.0},{"ts":"2026-02-12T23:46:00Z","o":66198.7,"h":66218.3,"l":66181.2,"c":66199.1,"v":449282.0},{"ts":"2026-02-12T23:47:00Z","o":66199.1,"h":66202.6,"l":66176.1,"c":66197.9,"v":297046.0},{"ts":"2026-02-12T23:48:00Z","o":66197.9,"h":66219.6,"l":66159.8,"c":66165.2,"v":210841.0},{"ts":"2026-02-12T23:49:00Z","o":66165.2,"h":66202.8,"l":66135.8,"c":66202.7,"v":233606.0},{"ts":"2026-02-12T23:50:00Z","o":66202.7,"h":66229.5,"l":66155.3,"c":66155.4,"v":108644.0},{"ts":"2026-02-12T23:51:00Z","o":66155.4,"h":66182.1,"l":66155.2,"c":66178.1,"v":61248.0},{"ts":"2026-02-12T23:52:00Z","o":66178.1,"h":66186.1,"l":66161.6,"c":66184.7,"v":81632.0},{"ts":"2026-02-12T23:53:00Z","o":66184.7,"h":66225.0,"l":66184.7,"c":66225.0,"v":119480.0},{"ts":"2026-02-12T23:54:00Z","o":66225.0,"h":66225.0,"l":66180.0,"c":66214.8,"v":161590.0},{"ts":"2026-02-12T23:55:00Z","o":66214.8,"h":66247.0,"l":66201.6,"c":66246.7,"v":121670.0},{"ts":"2026-02-12T23:56:00Z","o":66246.7,"h":66277.3,"l":66246.6,"c":66250.7,"v":411771.0},{"ts":"2026-02-12T23:57:00Z","o":66250.7,"h":66263.7,"l":66220.8,"c":66263.7,"v":555907.0},{"ts":"2026-02-12T23:58:00Z","o":66263.7,"h":66280.2,"l":66236.8,"c":66243.3,"v":102224.0},{"ts":"2026-02-12T23:59:00Z","o":66243.3,"h":66243.3,"l":66230.1,"c":66243.1,"v":100524.0},{"ts":"2026-02-13T00:00:00Z","o":66243.1,"h":66243.2,"l":66137.9,"c":66160.1,"v":425863.0},{"ts":"2026-02-13T00:01:00Z","o":66160.1,"h":66299.7,"l":66160.0,"c":66298.9,"v":660725.0},{"ts":"2026-02-13T00:02:00Z","o":66298.9,"h":66461.6,"l":66295.7,"c":66424.9,"v":897818.0},{"ts":"2026-02-13T00:03:00Z","o":66424.9,"h":66424.9,"l":66369.6,"c":66414.3,"v":323959.0},{"ts":"2026-02-13T00:04:00Z","o":66414.3,"h":66427.2,"l":66365.6,"c":66422.2,"v":285603.0},{"ts":"2026-02-13T00:05:00Z","o":66422.2,"h":66483.2,"l":66400.0,"c":66469.9,"v":411208.0},{"ts":"2026-02-13T00:06:00Z","o":66469.9,"h":66498.4,"l":66450.0,"c":66450.1,"v":402722.0},{"ts":"2026-02-13T00:07:00Z","o":66450.1,"h":66461.6,"l":66380.6,"c":66409.9,"v":446388.0},{"ts":"2026-02-13T00:08:00Z","o":66409.9,"h":66427.8,"l":66388.4,"c":66409.9,"v":187432.0},{"ts":"2026-02-13T00:09:00Z","o":66409.9,"h":66436.0,"l":66367.0,"c":66400.0,"v":261579.0},{"ts":"2026-02-13T00:10:00Z","o":66400.0,"h":66428.8,"l":66396.8,"c":66420.0,"v":86606.0},{"ts":"2026-02-13T00:11:00Z","o":66420.0,"h":66428.9,"l":66383.0,"c":66390.8,"v":109888.0},{"ts":"2026-02-13T00:12:00Z","o":66390.8,"h":66390.9,"l":66323.1,"c":66350.7,"v":318713.0},{"ts":"2026-02-13T00:13:00Z","o":66350.7,"h":66425.6,"l":66349.8,"c":66406.0,"v":468289.0},{"ts":"2026-02-13T00:14:00Z","o":66406.0,"h":66408.7,"l":66341.1,"c":66341.3,"v":474617.0},{"ts":"2026-02-13T00:15:00Z","o":66341.3,"h":66347.8,"l":66306.6,"c":66316.4,"v":170827.0},{"ts":"2026-02-13T00:16:00Z","o":66316.4,"h":66329.8,"l":66268.9,"c":66268.9,"v":255916.0},{"ts":"2026-02-13T00:17:00Z","o":66268.9,"h":66269.0,"l":66182.8,"c":66189.4,"v":469944.0},{"ts":"2026-02-13T00:18:00Z","o":66189.4,"h":66189.6,"l":66153.6,"c":66189.5,"v":586006.0},{"ts":"2026-02-13T00:19:00Z","o":66189.5,"h":66191.8,"l":66140.4,"c":66145.0,"v":383748.0},{"ts":"2026-02-13T00:20:00Z","o":66145.0,"h":66190.1,"l":66107.3,"c":66175.2,"v":474782.0},{"ts":"2026-02-13T00:21:00Z","o":66175.2,"h":66183.0,"l":66113.0,"c":66116.3,"v":225316.0},{"ts":"2026-02-13T00:22:00Z","o":66116.3,"h":66135.2,"l":66063.7,"c":66071.7,"v":709417.0},{"ts":"2026-02-13T00:23:00Z","o":66071.7,"h":66120.1,"l":66071.7,"c":66100.2,"v":446052.0},{"ts":"2026-02-13T00:24:00Z","o":66100.2,"h":66156.1,"l":66100.0,"c":66116.1,"v":345471.0},{"ts":"2026-02-13T00:25:00Z","o":66116.1,"h":66116.1,"l":66032.2,"c":66039.2,"v":528344.0},{"ts":"2026-02-13T00:26:00Z","o":66039.2,"h":66056.5,"l":66011.3,"c":66011.4,"v":289227.0},{"ts":"2026-02-13T00:27:00Z","o":66011.4,"h":66031.4,"l":66010.7,"c":66019.8,"v":226017.0},{"ts":"2026-02-13T00:28:00Z","o":66019.8,"h":66033.4,"l":66010.9,"c":66026.2,"v":220871.0},{"ts":"2026-02-13T00:29:00Z","o":66026.2,"h":66026.2,"l":65976.0,"c":66001.8,"v":620452.0},{"ts":"2026-02-13T00:30:00Z","o":66001.8,"h":66070.0,"l":66001.4,"c":66060.5,"v":2233198.0},{"ts":"2026-02-13T00:31:00Z","o":66060.5,"h":66077.9,"l":66043.7,"c":66059.4,"v":305961.0},{"ts":"2026-02-13T00:32:00Z","o":66059.4,"h":66070.9,"l":65970.4,"c":65970.4,"v":372444.0},{"ts":"2026-02-13T00:33:00Z","o":65970.4,"h":65986.1,"l":65891.9,"c":65891.9,"v":1103989.0},{"ts":"2026-02-13T00:34:00Z","o":65891.9,"h":65943.6,"l":65870.7,"c":65940.8,"v":393353.0},{"ts":"2026-02-13T00:35:00Z","o":65940.8,"h":65967.6,"l":65906.2,"c":65962.1,"v":255176.0},{"ts":"2026-02-13T00:36:00Z","o":65962.1,"h":65999.9,"l":65962.0,"c":65997.2,"v":573641.0},{"ts":"2026-02-13T00:37:00Z","o":65997.2,"h":66037.1,"l":65989.0,"c":66018.1,"v":505790.0},{"ts":"2026-02-13T00:38:00Z","o":66018.1,"h":66022.3,"l":65970.9,"c":65980.0,"v":189056.0},{"ts":"2026-02-13T00:39:00Z","o":65980.0,"h":66082.5,"l":65976.8,"c":66050.9,"v":315634.0},{"ts":"2026-02-13T00:40:00Z","o":66050.9,"h":66111.5,"l":66047.1,"c":66105.8,"v":423273.0},{"ts":"2026-02-13T00:41:00Z","o":66105.8,"h":66105.9,"l":66055.9,"c":66068.6,"v":281974.0},{"ts":"2026-02-13T00:42:00Z","o":66068.6,"h":66069.2,"l":66047.9,"c":66049.1,"v":164601.0},{"ts":"2026-02-13T00:43:00Z","o":66049.1,"h":66059.4,"l":65985.5,"c":65985.5,"v":493123.0},{"ts":"2026-02-13T00:44:00Z","o":65985.5,"h":65986.8,"l":65924.6,"c":65924.6,"v":271690.0},{"ts":"2026-02-13T00:45:00Z","o":65924.6,"h":65954.8,"l":65922.9,"c":65944.4,"v":710758.0},{"ts":"2026-02-13T00:46:00Z","o":65944.4,"h":65983.7,"l":65915.9,"c":65966.0,"v":1961026.0},{"ts":"2026-02-13T00:47:00Z","o":65966.0,"h":65968.0,"l":65917.0,"c":65917.0,"v":139412.0},{"ts":"2026-02-13T00:48:00Z","o":65917.0,"h":65918.8,"l":65833.9,"c":65898.2,"v":540189.0},{"ts":"2026-02-13T00:49:00Z","o":65898.2,"h":65948.9,"l":65854.5,"c":65948.8,"v":337697.0},{"ts":"2026-02-13T00:50:00Z","o":65948.8,"h":65949.9,"l":65890.3,"c":65904.7,"v":135333.0},{"ts":"2026-02-13T00:51:00Z","o":65904.7,"h":65910.0,"l":65841.2,"c":65873.8,"v":406234.0},{"ts":"2026-02-13T00:52:00Z","o":65873.8,"h":65955.6,"l":65873.8,"c":65950.0,"v":596067.0},{"ts":"2026-02-13T00:53:00Z","o":65950.0,"h":65950.0,"l":65902.1,"c":65925.9,"v":53196.0},{"ts":"2026-02-13T00:54:00Z","o":65925.9,"h":66020.0,"l":65925.9,"c":65988.0,"v":581993.0},{"ts":"2026-02-13T00:55:00Z","o":65988.0,"h":66026.1,"l":65964.8,"c":66025.4,"v":496104.0},{"ts":"2026-02-13T00:56:00Z","o":66025.4,"h":66038.1,"l":65984.3,"c":65985.4,"v":186164.0},{"ts":"2026-02-13T00:57:00Z","o":65985.4,"h":66005.9,"l":65972.2,"c":65988.5,"v":45954.0},{"ts":"2026-02-13T00:58:00Z","o":65988.5,"h":66005.9,"l":65953.3,"c":65965.5,"v":483428.0},{"ts":"2026-02-13T00:59:00Z","o":65965.5,"h":65965.5,"l":65881.9,"c":65881.9,"v":343848.0},{"ts":"2026-02-13T01:00:00Z","o":65881.9,"h":65942.8,"l":65881.9,"c":65912.3,"v":497704.0},{"ts":"2026-02-13T01:01:00Z","o":65912.3,"h":65958.6,"l":65912.2,"c":65943.0,"v":264421.0},{"ts":"2026-02-13T01:02:00Z","o":65943.0,"h":66022.7,"l":65920.0,"c":66022.7,"v":342098.0},{"ts":"2026-02-13T01:03:00Z","o":66022.7,"h":66038.4,"l":66013.5,"c":66038.4,"v":270308.0},{"ts":"2026-02-13T01:04:00Z","o":66038.4,"h":66038.9,"l":66006.1,"c":66025.7,"v":157554.0},{"ts":"2026-02-13T01:05:00Z","o":66025.7,"h":66057.0,"l":66002.4,"c":66050.0,"v":209162.0},{"ts":"2026-02-13T01:06:00Z","o":66050.0,"h":66173.5,"l":66040.0,"c":66149.0,"v":737741.0},{"ts":"2026-02-13T01:07:00Z","o":66149.0,"h":66209.5,"l":66129.5,"c":66190.4,"v":444030.0},{"ts":"2026-02-13T01:08:00Z","o":66190.4,"h":66250.1,"l":66163.3,"c":66205.9,"v":423032.0},{"ts":"2026-02-13T01:09:00Z","o":66205.9,"h":66205.9,"l":66150.2,"c":66159.6,"v":285258.0},{"ts":"2026-02-13T01:10:00Z","o":66159.6,"h":66195.8,"l":66126.6,"c":66177.4,"v":642179.0},{"ts":"2026-02-13T01:11:00Z","o":66177.4,"h":66199.0,"l":66174.9,"c":66180.1,"v":213568.0},{"ts":"2026-02-13T01:12:00Z","o":66180.1,"h":66200.4,"l":66170.0,"c":66186.0,"v":220707.0},{"ts":"2026-02-13T01:13:00Z","o":66186.0,"h":66224.0,"l":66160.0,"c":66223.9,"v":132734.0},{"ts":"2026-02-13T01:14:00Z","o":66223.9,"h":66235.4,"l":66195.8,"c":66220.0,"v":363282.0},{"ts":"2026-02-13T01:15:00Z","o":66220.0,"h":66265.0,"l":66219.9,"c":66264.8,"v":260405.0},{"ts":"2026-02-13T01:16:00Z","o":66264.8,"h":66264.8,"l":66178.2,"c":66200.1,"v":264301.0},{"ts":"2026-02-13T01:17:00Z","o":66200.1,"h":66247.9,"l":66200.0,"c":66244.2,"v":200410.0},{"ts":"2026-02-13T01:18:00Z","o":66244.2,"h":66244.2,"l":66189.9,"c":66232.1,"v":348383.0},{"ts":"2026-02-13T01:19:00Z","o":66232.1,"h":66249.0,"l":66182.5,"c":66188.3,"v":274214.0},{"ts":"2026-02-13T01:20:00Z","o":66188.3,"h":66230.0,"l":66188.3,"c":66198.4,"v":84870.0},{"ts":"2026-02-13T01:21:00Z","o":66198.4,"h":66201.4,"l":66146.1,"c":66180.0,"v":168567.0},{"ts":"2026-02-13T01:22:00Z","o":66180.0,"h":66198.8,"l":66160.0,"c":66197.3,"v":227810.0},{"ts":"2026-02-13T01:23:00Z","o":66197.3,"h":66200.0,"l":66117.6,"c":66123.4,"v":282037.0},{"ts":"2026-02-13T01:24:00Z","o":66123.4,"h":66134.4,"l":66093.0,"c":66093.0,"v":454633.0},{"ts":"2026-02-13T01:25:00Z","o":66093.0,"h":66105.1,"l":66052.7,"c":66104.1,"v":450600.0},{"ts":"2026-02-13T01:26:00Z","o":66104.1,"h":66149.5,"l":66082.3,"c":66082.3,"v":211842.0},{"ts":"2026-02-13T01:27:00Z","o":66082.3,"h":66098.6,"l":66058.9,"c":66079.1,"v":267218.0},{"ts":"2026-02-13T01:28:00Z","o":66079.1,"h":66150.0,"l":66076.6,"c":66150.0,"v":172258.0},{"ts":"2026-02-13T01:29:00Z","o":66150.0,"h":66240.3,"l":66149.9,"c":66189.5,"v":418190.0},{"ts":"2026-02-13T01:30:00Z","o":66189.5,"h":66315.0,"l":66189.5,"c":66280.7,"v":579005.0},{"ts":"2026-02-13T01:31:00Z","o":66280.7,"h":66280.7,"l":66233.8,"c":66272.3,"v":295384.0},{"ts":"2026-02-13T01:32:00Z","o":66272.3,"h":66338.0,"l":66260.4,"c":66310.7,"v":732156.0},{"ts":"2026-02-13T01:33:00Z","o":66310.7,"h":66323.4,"l":66268.6,"c":66315.3,"v":196792.0},{"ts":"2026-02-13T01:34:00Z","o":66315.3,"h":66363.5,"l":66302.9,"c":66334.1,"v":174861.0},{"ts":"2026-02-13T01:35:00Z","o":66334.1,"h":66340.3,"l":66291.1,"c":66306.7,"v":127446.0},{"ts":"2026-02-13T01:36:00Z","o":66306.7,"h":66378.7,"l":66292.1,"c":66374.2,"v":362896.0},{"ts":"2026-02-13T01:37:00Z","o":66374.2,"h":66374.2,"l":66312.8,"c":66368.9,"v":149398.0},{"ts":"2026-02-13T01:38:00Z","o":66368.9,"h":66437.8,"l":66368.9,"c":66429.1,"v":436331.0},{"ts":"2026-02-13T01:39:00Z","o":66429.1,"h":66448.3,"l":66404.1,"c":66422.0,"v":356217.0},{"ts":"2026-02-13T01:40:00Z","o":66422.0,"h":66451.1,"l":66421.9,"c":66451.1,"v":538861.0},{"ts":"2026-02-13T01:41:00Z","o":66451.1,"h":66462.0,"l":66431.7,"c":66438.5,"v":269053.0},{"ts":"2026-02-13T01:42:00Z","o":66438.5,"h":66475.1,"l":66434.1,"c":66450.0,"v":209001.0},{"ts":"2026-02-13T01:43:00Z","o":66450.0,"h":66460.9,"l":66433.8,"c":66446.0,"v":269874.0},{"ts":"2026-02-13T01:44:00Z","o":66446.0,"h":66459.9,"l":66383.7,"c":66383.7,"v":239358.0},{"ts":"2026-02-13T01:45:00Z","o":66383.7,"h":66581.5,"l":66383.7,"c":66570.5,"v":1636675.0},{"ts":"2026-02-13T01:46:00Z","o":66570.5,"h":66587.6,"l":66506.4,"c":66565.0,"v":591694.0},{"ts":"2026-02-13T01:47:00Z","o":66565.0,"h":66565.0,"l":66521.2,"c":66521.2,"v":264530.0},{"ts":"2026-02-13T01:48:00Z","o":66521.2,"h":66550.0,"l":66503.4,"c":66503.4,"v":156544.0},{"ts":"2026-02-13T01:49:00Z","o":66503.4,"h":66522.8,"l":66503.3,"c":66522.7,"v":141183.0},{"ts":"2026-02-13T01:50:00Z","o":66522.7,"h":66547.1,"l":66500.0,"c":66505.4,"v":264448.0},{"ts":"2026-02-13T01:51:00Z","o":66505.4,"h":66515.0,"l":66496.5,"c":66496.6,"v":228315.0},{"ts":"2026-02-13T01:52:00Z","o":66496.6,"h":66515.0,"l":66489.2,"c":66499.4,"v":112106.0},{"ts":"2026-02-13T01:53:00Z","o":66499.4,"h":66527.7,"l":66493.7,"c":66493.7,"v":147672.0},{"ts":"2026-02-13T01:54:00Z","o":66493.7,"h":66520.0,"l":66367.1,"c":66381.6,"v":635600.0},{"ts":"2026-02-13T01:55:00Z","o":66381.6,"h":66387.4,"l":66329.3,"c":66355.0,"v":229538.0},{"ts":"2026-02-13T01:56:00Z","o":66355.0,"h":66355.1,"l":66299.5,"c":66344.5,"v":401114.0},{"ts":"2026-02-13T01:57:00Z","o":66344.5,"h":66345.5,"l":66307.6,"c":66340.8,"v":141819.0},{"ts":"2026-02-13T01:58:00Z","o":66340.8,"h":66387.3,"l":66333.0,"c":66360.0,"v":108957.0},{"ts":"2026-02-13T01:59:00Z","o":66360.0,"h":66423.5,"l":66358.7,"c":66423.5,"v":305113.0},{"ts":"2026-02-13T02:00:00Z","o":66423.5,"h":66433.0,"l":66387.3,"c":66414.6,"v":328650.0},{"ts":"2026-02-13T02:01:00Z","o":66414.6,"h":66463.5,"l":66414.6,"c":66438.6,"v":297762.0},{"ts":"2026-02-13T02:02:00Z","o":66438.6,"h":66450.0,"l":66389.5,"c":66394.7,"v":131401.0},{"ts":"2026-02-13T02:03:00Z","o":66394.7,"h":66435.2,"l":66394.6,"c":66395.6,"v":63121.0},{"ts":"2026-02-13T02:04:00Z","o":66395.6,"h":66468.9,"l":66352.8,"c":66466.2,"v":313966.0},{"ts":"2026-02-13T02:05:00Z","o":66466.2,"h":66466.2,"l":66392.1,"c":66420.7,"v":118603.0},{"ts":"2026-02-13T02:06:00Z","o":66420.7,"h":66457.2,"l":66420.0,"c":66420.0,"v":174357.0},{"ts":"2026-02-13T02:07:00Z","o":66420.0,"h":66463.2,"l":66404.4,"c":66445.3,"v":202749.0},{"ts":"2026-02-13T02:08:00Z","o":66445.3,"h":66481.1,"l":66443.0,"c":66450.5,"v":265803.0},{"ts":"2026-02-13T02:09:00Z","o":66450.5,"h":66506.2,"l":66450.5,"c":66506.2,"v":148580.0},{"ts":"2026-02-13T02:10:00Z","o":66506.2,"h":66517.0,"l":66497.3,"c":66500.1,"v":370705.0},{"ts":"2026-02-13T02:11:00Z","o":66500.1,"h":66514.6,"l":66488.2,"c":66514.0,"v":231319.0},{"ts":"2026-02-13T02:12:00Z","o":66514.0,"h":66528.0,"l":66496.4,"c":66528.0,"v":211575.0},{"ts":"2026-02-13T02:13:00Z","o":66528.0,"h":66528.0,"l":66486.6,"c":66488.5,"v":286820.0},{"ts":"2026-02-13T02:14:00Z","o":66488.5,"h":66540.0,"l":66453.9,"c":66531.0,"v":381380.0},{"ts":"2026-02-13T02:15:00Z","o":66531.0,"h":66531.0,"l":66470.7,"c":66472.7,"v":140730.0},{"ts":"2026-02-13T02:16:00Z","o":66472.7,"h":66486.5,"l":66429.3,"c":66447.8,"v":121912.0},{"ts":"2026-02-13T02:17:00Z","o":66447.8,"h":66513.8,"l":66447.8,"c":66507.0,"v":160737.0},{"ts":"2026-02-13T02:18:00Z","o":66507.0,"h":66507.1,"l":66455.8,"c":66497.0,"v":134355.0},{"ts":"2026-02-13T02:19:00Z","o":66497.0,"h":66507.1,"l":66440.0,"c":66445.0,"v":103725.0},{"ts":"2026-02-13T02:20:00Z","o":66445.0,"h":66453.3,"l":66412.7,"c":66429.5,"v":123540.0},{"ts":"2026-02-13T02:21:00Z","o":66429.5,"h":66429.5,"l":66353.8,"c":66399.2,"v":229667.0},{"ts":"2026-02-13T02:22:00Z","o":66399.2,"h":66446.8,"l":66395.3,"c":66425.6,"v":79734.0},{"ts":"2026-02-13T02:23:00Z","o":66425.6,"h":66450.4,"l":66425.5,"c":66448.9,"v":113598.0},{"ts":"2026-02-13T02:24:00Z","o":66448.9,"h":66501.0,"l":66443.3,"c":66495.9,"v":128321.0},{"ts":"2026-02-13T02:25:00Z","o":66495.9,"h":66550.1,"l":66495.1,"c":66528.7,"v":465733.0},{"ts":"2026-02-13T02:26:00Z","o":66528.7,"h":66595.9,"l":66528.7,"c":66589.6,"v":394083.0},{"ts":"2026-02-13T02:27:00Z","o":66589.6,"h":66620.9,"l":66560.8,"c":66616.1,"v":387858.0},{"ts":"2026-02-13T02:28:00Z","o":66616.1,"h":66622.9,"l":66578.9,"c":66579.0,"v":441892.0},{"ts":"2026-02-13T02:29:00Z","o":66579.0,"h":66579.1,"l":66494.5,"c":66494.5,"v":143741.0},{"ts":"2026-02-13T02:30:00Z","o":66494.5,"h":66533.9,"l":66494.5,"c":66494.5,"v":189386.0},{"ts":"2026-02-13T02:31:00Z","o":66494.5,"h":66505.1,"l":66467.2,"c":66505.0,"v":150800.0},{"ts":"2026-02-13T02:32:00Z","o":66505.0,"h":66518.4,"l":66484.1,"c":66518.4,"v":133469.0},{"ts":"2026-02-13T02:33:00Z","o":66518.4,"h":66569.9,"l":66517.4,"c":66569.9,"v":141472.0},{"ts":"2026-02-13T02:34:00Z","o":66569.9,"h":66600.0,"l":66555.6,"c":66562.1,"v":85791.0},{"ts":"2026-02-13T02:35:00Z","o":66562.1,"h":66583.7,"l":66543.7,"c":66545.4,"v":133610.0},{"ts":"2026-02-13T02:36:00Z","o":66545.4,"h":66548.0,"l":66493.6,"c":66493.8,"v":105219.0},{"ts":"2026-02-13T02:37:00Z","o":66493.8,"h":66494.5,"l":66471.9,"c":66481.0,"v":247309.0},{"ts":"2026-02-13T02:38:00Z","o":66481.0,"h":66497.9,"l":66451.1,"c":66462.3,"v":83180.0},{"ts":"2026-02-13T02:39:00Z","o":66462.3,"h":66486.4,"l":66460.9,"c":66472.3,"v":150285.0},{"ts":"2026-02-13T02:40:00Z","o":66472.3,"h":66478.9,"l":66428.9,"c":66428.9,"v":339402.0},{"ts":"2026-02-13T02:41:00Z","o":66428.9,"h":66477.2,"l":66428.5,"c":66477.2,"v":92860.0},{"ts":"2026-02-13T02:42:00Z","o":66477.2,"h":66505.9,"l":66468.4,"c":66505.9,"v":88701.0},{"ts":"2026-02-13T02:43:00Z","o":66505.9,"h":66595.4,"l":66505.8,"c":66570.0,"v":206163.0},{"ts":"2026-02-13T02:44:00Z","o":66570.0,"h":66570.0,"l":66544.7,"c":66555.1,"v":167666.0},{"ts":"2026-02-13T02:45:00Z","o":66555.1,"h":66576.8,"l":66534.6,"c":66569.0,"v":157051.0},{"ts":"2026-02-13T02:46:00Z","o":66569.0,"h":66572.7,"l":66517.3,"c":66562.4,"v":280930.0},{"ts":"2026-02-13T02:47:00Z","o":66562.4,"h":66564.7,"l":66537.4,"c":66547.5,"v":131399.0},{"ts":"2026-02-13T02:48:00Z","o":66547.5,"h":66567.9,"l":66520.2,"c":66562.9,"v":231172.0},{"ts":"2026-02-13T02:49:00Z","o":66562.9,"h":66600.0,"l":66510.8,"c":66510.8,"v":170812.0},{"ts":"2026-02-13T02:50:00Z","o":66510.8,"h":66604.4,"l":66510.8,"c":66594.2,"v":112961.0},{"ts":"2026-02-13T02:51:00Z","o":66594.2,"h":66674.8,"l":66580.9,"c":66630.2,"v":661015.0},{"ts":"2026-02-13T02:52:00Z","o":66630.2,"h":66686.8,"l":66630.1,"c":66670.6,"v":324926.0},{"ts":"2026-02-13T02:53:00Z","o":66670.6,"h":66676.0,"l":66636.8,"c":66648.3,"v":191231.0},{"ts":"2026-02-13T02:54:00Z","o":66648.3,"h":66663.2,"l":66637.9,"c":66652.0,"v":118664.0},{"ts":"2026-02-13T02:55:00Z","o":66652.0,"h":66667.5,"l":66638.7,"c":66648.9,"v":68379.0},{"ts":"2026-02-13T02:56:00Z","o":66648.9,"h":66688.0,"l":66648.8,"c":66688.0,"v":151328.0},{"ts":"2026-02-13T02:57:00Z","o":66688.0,"h":66727.2,"l":66668.7,"c":66700.0,"v":345360.0},{"ts":"2026-02-13T02:58:00Z","o":66700.0,"h":66700.0,"l":66660.5,"c":66687.0,"v":161418.0},{"ts":"2026-02-13T02:59:00Z","o":66687.0,"h":66687.1,"l":66623.4,"c":66628.0,"v":203585.0},{"ts":"2026-02-13T03:00:00Z","o":66628.0,"h":66699.1,"l":66622.1,"c":66678.9,"v":195290.0},{"ts":"2026-02-13T03:01:00Z","o":66678.9,"h":66725.3,"l":66678.9,"c":66683.1,"v":337284.0},{"ts":"2026-02-13T03:02:00Z","o":66683.1,"h":66741.6,"l":66680.0,"c":66723.6,"v":231343.0},{"ts":"2026-02-13T03:03:00Z","o":66723.6,"h":66728.8,"l":66666.9,"c":66718.3,"v":849710.0},{"ts":"2026-02-13T03:04:00Z","o":66718.3,"h":66718.4,"l":66680.1,"c":66680.1,"v":132860.0},{"ts":"2026-02-13T03:05:00Z","o":66680.1,"h":66680.1,"l":66533.8,"c":66538.3,"v":466645.0},{"ts":"2026-02-13T03:06:00Z","o":66538.3,"h":66562.0,"l":66502.5,"c":66526.0,"v":297607.0},{"ts":"2026-02-13T03:07:00Z","o":66526.0,"h":66539.2,"l":66464.0,"c":66525.9,"v":862819.0},{"ts":"2026-02-13T03:08:00Z","o":66525.9,"h":66529.6,"l":66472.8,"c":66511.6,"v":208121.0},{"ts":"2026-02-13T03:09:00Z","o":66511.6,"h":66535.0,"l":66509.5,"c":66523.5,"v":210549.0},{"ts":"2026-02-13T03:10:00Z","o":66523.5,"h":66532.0,"l":66486.4,"c":66520.9,"v":171890.0},{"ts":"2026-02-13T03:11:00Z","o":66520.9,"h":66549.6,"l":66520.9,"c":66528.1,"v":105530.0},{"ts":"2026-02-13T03:12:00Z","o":66528.1,"h":66541.8,"l":66507.6,"c":66509.8,"v":85383.0},{"ts":"2026-02-13T03:13:00Z","o":66509.8,"h":66539.3,"l":66509.8,"c":66513.1,"v":30969.0},{"ts":"2026-02-13T03:14:00Z","o":66513.1,"h":66536.0,"l":66481.5,"c":66481.5,"v":105177.0},{"ts":"2026-02-13T03:15:00Z","o":66481.5,"h":66508.6,"l":66466.0,"c":66496.1,"v":109280.0},{"ts":"2026-02-13T03:16:00Z","o":66496.1,"h":66500.0,"l":66453.5,"c":66478.8,"v":153191.0},{"ts":"2026-02-13T03:17:00Z","o":66478.8,"h":66517.5,"l":66475.8,"c":66512.0,"v":165867.0},{"ts":"2026-02-13T03:18:00Z","o":66512.0,"h":66564.7,"l":66512.0,"c":66554.9,"v":225252.0},{"ts":"2026-02-13T03:19:00Z","o":66554.9,"h":66570.3,"l":66532.1,"c":66565.6,"v":413556.0},{"ts":"2026-02-13T03:20:00Z","o":66565.6,"h":66565.7,"l":66511.4,"c":66512.3,"v":57846.0},{"ts":"2026-02-13T03:21:00Z","o":66512.3,"h":66557.5,"l":66512.3,"c":66557.5,"v":63435.0},{"ts":"2026-02-13T03:22:00Z","o":66557.5,"h":66573.9,"l":66543.9,"c":66544.0,"v":79859.0},{"ts":"2026-02-13T03:23:00Z","o":66544.0,"h":66544.0,"l":66522.6,"c":66543.5,"v":53156.0},{"ts":"2026-02-13T03:24:00Z","o":66543.5,"h":66570.2,"l":66524.5,"c":66524.6,"v":79536.0},{"ts":"2026-02-13T03:25:00Z","o":66524.6,"h":66588.1,"l":66524.6,"c":66549.1,"v":129901.0},{"ts":"2026-02-13T03:26:00Z","o":66549.1,"h":66602.9,"l":66549.1,"c":66576.6,"v":167835.0},{"ts":"2026-02-13T03:27:00Z","o":66576.6,"h":66618.8,"l":66575.7,"c":66596.0,"v":272569.0},{"ts":"2026-02-13T03:28:00Z","o":66596.0,"h":66596.2,"l":66573.2,"c":66588.6,"v":138585.0},{"ts":"2026-02-13T03:29:00Z","o":66588.6,"h":66647.0,"l":66588.6,"c":66647.0,"v":205741.0},{"ts":"2026-02-13T03:30:00Z","o":66647.0,"h":66750.0,"l":66646.8,"c":66674.0,"v":446186.0},{"ts":"2026-02-13T03:31:00Z","o":66674.0,"h":66778.0,"l":66673.1,"c":66702.4,"v":289406.0}],"5m":[{"ts":"2026-02-12T17:35:00Z","o":65922.8,"h":66177.1,"l":65806.3,"c":65933.0,"v":2487922.0},{"ts":"2026-02-12T17:40:00Z","o":65933.0,"h":66026.5,"l":65881.3,"c":65951.2,"v":1216080.0},{"ts":"2026-02-12T17:45:00Z","o":65951.2,"h":66022.6,"l":65740.0,"c":65783.5,"v":1681656.0},{"ts":"2026-02-12T17:50:00Z","o":65783.5,"h":65895.0,"l":65542.4,"c":65576.6,"v":3720197.0},{"ts":"2026-02-12T17:55:00Z","o":65576.6,"h":65598.6,"l":65331.7,"c":65380.3,"v":6761041.0},{"ts":"2026-02-12T18:00:00Z","o":65380.3,"h":65633.0,"l":65344.2,"c":65600.7,"v":3301266.0},{"ts":"2026-02-12T18:05:00Z","o":65600.7,"h":65763.0,"l":65557.3,"c":65643.8,"v":2996334.0},{"ts":"2026-02-12T18:10:00Z","o":65643.8,"h":65726.3,"l":65564.8,"c":65664.8,"v":1180485.0},{"ts":"2026-02-12T18:15:00Z","o":65664.8,"h":65691.3,"l":65199.0,"c":65225.3,"v":4703108.0},{"ts":"2026-02-12T18:20:00Z","o":65225.3,"h":65473.8,"l":65216.2,"c":65380.4,"v":3657599.0},{"ts":"2026-02-12T18:25:00Z","o":65380.4,"h":65524.2,"l":65217.0,"c":65273.2,"v":2767804.0},{"ts":"2026-02-12T18:30:00Z","o":65273.2,"h":65321.9,"l":65081.1,"c":65239.2,"v":5194139.0},{"ts":"2026-02-12T18:35:00Z","o":65239.2,"h":65507.6,"l":65236.9,"c":65472.9,"v":2510685.0},{"ts":"2026-02-12T18:40:00Z","o":65472.9,"h":65472.9,"l":65353.7,"c":65404.8,"v":1096479.0},{"ts":"2026-02-12T18:45:00Z","o":65404.8,"h":65654.5,"l":65377.7,"c":65578.8,"v":3108843.0},{"ts":"2026-02-12T18:50:00Z","o":65578.8,"h":65659.6,"l":65509.1,"c":65580.5,"v":1852777.0},{"ts":"2026-02-12T18:55:00Z","o":65580.5,"h":65671.0,"l":65481.2,"c":65559.4,"v":1386173.0},{"ts":"2026-02-12T19:00:00Z","o":65559.4,"h":65720.0,"l":65476.3,"c":65493.5,"v":2108581.0},{"ts":"2026-02-12T19:05:00Z","o":65493.5,"h":65582.9,"l":65351.0,"c":65358.0,"v":1938739.0},{"ts":"2026-02-12T19:10:00Z","o":65358.0,"h":65467.7,"l":65235.5,"c":65416.8,"v":2486400.0},{"ts":"2026-02-12T19:15:00Z","o":65416.8,"h":65596.4,"l":65382.6,"c":65570.0,"v":2099137.0},{"ts":"2026-02-12T19:20:00Z","o":65570.0,"h":65932.7,"l":65550.5,"c":65905.4,"v":3622756.0},{"ts":"2026-02-12T19:25:00Z","o":65905.4,"h":65909.2,"l":65697.0,"c":65745.1,"v":1985103.0},{"ts":"2026-02-12T19:30:00Z","o":65745.1,"h":66015.9,"l":65728.4,"c":65851.7,"v":3122121.0},{"ts":"2026-02-12T19:35:00Z","o":65851.7,"h":66076.1,"l":65790.6,"c":65937.5,"v":2560280.0},{"ts":"2026-02-12T19:40:00Z","o":65937.5,"h":65987.7,"l":65871.8,"c":65948.6,"v":1618764.0},{"ts":"2026-02-12T19:45:00Z","o":65948.6,"h":66065.1,"l":65919.6,"c":66021.0,"v":2207499.0},{"ts":"2026-02-12T19:50:00Z","o":66021.0,"h":66088.0,"l":65839.1,"c":65862.2,"v":1699917.0},{"ts":"2026-02-12T19:55:00Z","o":65862.2,"h":65942.2,"l":65743.4,"c":65760.8,"v":1510553.0},{"ts":"2026-02-12T20:00:00Z","o":65760.8,"h":65924.4,"l":65706.8,"c":65909.9,"v":2081720.0},{"ts":"2026-02-12T20:05:00Z","o":65909.9,"h":66008.7,"l":65802.5,"c":65810.1,"v":1707480.0},{"ts":"2026-02-12T20:10:00Z","o":65810.1,"h":65810.1,"l":65576.2,"c":65677.7,"v":3238591.0},{"ts":"2026-02-12T20:15:00Z","o":65677.7,"h":65782.6,"l":65620.2,"c":65697.6,"v":1117186.0},{"ts":"2026-02-12T20:20:00Z","o":65697.6,"h":65697.6,"l":65531.2,"c":65580.0,"v":1460024.0},{"ts":"2026-02-12T20:25:00Z","o":65580.0,"h":65596.5,"l":65451.5,"c":65477.0,"v":1684503.0},{"ts":"2026-02-12T20:30:00Z","o":65477.0,"h":65557.0,"l":65370.0,"c":65472.5,"v":2530317.0},{"ts":"2026-02-12T20:35:00Z","o":65472.5,"h":65620.1,"l":65457.6,"c":65615.0,"v":1152039.0},{"ts":"2026-02-12T20:40:00Z","o":65615.0,"h":65655.9,"l":65461.5,"c":65517.6,"v":1441067.0},{"ts":"2026-02-12T20:45:00Z","o":65517.6,"h":65563.7,"l":65308.8,"c":65360.1,"v":2702369.0},{"ts":"2026-02-12T20:50:00Z","o":65360.1,"h":65439.9,"l":65184.4,"c":65383.7,"v":3870602.0},{"ts":"2026-02-12T20:55:00Z","o":65383.7,"h":65444.0,"l":65338.8,"c":65395.2,"v":1496067.0},{"ts":"2026-02-12T21:00:00Z","o":65395.2,"h":65628.8,"l":65395.2,"c":65610.6,"v":2602683.0},{"ts":"2026-02-12T21:05:00Z","o":65610.6,"h":65614.4,"l":65510.1,"c":65587.8,"v":1585882.0},{"ts":"2026-02-12T21:10:00Z","o":65587.8,"h":65643.3,"l":65551.2,"c":65640.2,"v":1069701.0},{"ts":"2026-02-12T21:15:00Z","o":65640.2,"h":65762.0,"l":65594.4,"c":65752.0,"v":1691280.0},{"ts":"2026-02-12T21:20:00Z","o":65752.0,"h":65770.0,"l":65445.0,"c":65489.9,"v":2898026.0},{"ts":"2026-02-12T21:25:00Z","o":65489.9,"h":65575.7,"l":65471.9,"c":65575.7,"v":1234180.0},{"ts":"2026-02-12T21:30:00Z","o":65575.7,"h":65731.4,"l":65550.1,"c":65730.2,"v":1985563.0},{"ts":"2026-02-12T21:35:00Z","o":65730.2,"h":65819.5,"l":65717.1,"c":65755.0,"v":1821160.0},{"ts":"2026-02-12T21:40:00Z","o":65755.0,"h":65814.8,"l":65685.4,"c":65788.5,"v":1059489.0},{"ts":"2026-02-12T21:45:00Z","o":65788.5,"h":65800.0,"l":65706.4,"c":65739.9,"v":1000194.0},{"ts":"2026-02-12T21:50:00Z","o":65739.9,"h":65873.3,"l":65739.9,"c":65853.5,"v":1137614.0},{"ts":"2026-02-12T21:55:00Z","o":65853.5,"h":65855.6,"l":65730.1,"c":65816.8,"v":672989.0},{"ts":"2026-02-12T22:00:00Z","o":65816.8,"h":65853.2,"l":65749.8,"c":65853.2,"v":914452.0},{"ts":"2026-02-12T22:05:00Z","o":65853.2,"h":65853.2,"l":65717.9,"c":65781.3,"v":1123196.0},{"ts":"2026-02-12T22:10:00Z","o":65781.3,"h":65861.6,"l":65715.0,"c":65788.9,"v":1385424.0},{"ts":"2026-02-12T22:15:00Z","o":65788.9,"h":65791.4,"l":65650.0,"c":65700.0,"v":1436440.0},{"ts":"2026-02-12T22:20:00Z","o":65700.0,"h":65820.8,"l":65615.0,"c":65820.7,"v":1403925.0},{"ts":"2026-02-12T22:25:00Z","o":65820.7,"h":65927.3,"l":65731.2,"c":65927.3,"v":1618982.0},{"ts":"2026-02-12T22:30:00Z","o":65927.3,"h":65979.0,"l":65890.4,"c":65906.6,"v":1101397.0},{"ts":"2026-02-12T22:35:00Z","o":65906.6,"h":66039.6,"l":65906.2,"c":65916.4,"v":1381761.0},{"ts":"2026-02-12T22:40:00Z","o":65916.4,"h":66176.9,"l":65850.8,"c":66168.1,"v":2817423.0},{"ts":"2026-02-12T22:45:00Z","o":66168.1,"h":66380.0,"l":66168.0,"c":66316.3,"v":4000205.0},{"ts":"2026-02-12T22:50:00Z","o":66316.3,"h":66316.5,"l":66205.5,"c":66229.9,"v":1118379.0},{"ts":"2026-02-12T22:55:00Z","o":66229.9,"h":66314.2,"l":66160.0,"c":66262.3,"v":1556035.0},{"ts":"2026-02-12T23:00:00Z","o":66262.3,"h":66418.4,"l":66173.2,"c":66339.3,"v":2367286.0},{"ts":"2026-02-12T23:05:00Z","o":66339.3,"h":66444.0,"l":66298.8,"c":66415.0,"v":2296018.0},{"ts":"2026-02-12T23:10:00Z","o":66415.0,"h":66419.9,"l":66222.0,"c":66286.0,"v":1230285.0},{"ts":"2026-02-12T23:15:00Z","o":66286.0,"h":66341.8,"l":66228.2,"c":66326.1,"v":1214363.0},{"ts":"2026-02-12T23:20:00Z","o":66326.1,"h":66429.1,"l":66289.0,"c":66408.8,"v":785456.0},{"ts":"2026-02-12T23:25:00Z","o":66408.8,"h":66458.1,"l":66336.7,"c":66366.4,"v":1006231.0},{"ts":"2026-02-12T23:30:00Z","o":66366.4,"h":66456.1,"l":66273.4,"c":66343.2,"v":1244825.0},{"ts":"2026-02-12T23:35:00Z","o":66343.2,"h":66359.2,"l":66199.7,"c":66200.2,"v":1355937.0},{"ts":"2026-02-12T23:40:00Z","o":66200.2,"h":66264.4,"l":66175.3,"c":66219.9,"v":1241864.0},{"ts":"2026-02-12T23:45:00Z","o":66219.9,"h":66245.6,"l":66135.8,"c":66202.7,"v":1271823.0},{"ts":"2026-02-12T23:50:00Z","o":66202.7,"h":66229.5,"l":66155.2,"c":66214.8,"v":532594.0},{"ts":"2026-02-12T23:55:00Z","o":66214.8,"h":66280.2,"l":66201.6,"c":66243.1,"v":1292096.0},{"ts":"2026-02-13T00:00:00Z","o":66243.1,"h":66461.6,"l":66137.9,"c":66422.2,"v":2593968.0},{"ts":"2026-02-13T00:05:00Z","o":66422.2,"h":66498.4,"l":66367.0,"c":66400.0,"v":1709329.0},{"ts":"2026-02-13T00:10:00Z","o":66400.0,"h":66428.9,"l":66323.1,"c":66341.3,"v":1458113.0},{"ts":"2026-02-13T00:15:00Z","o":66341.3,"h":66347.8,"l":66140.4,"c":66145.0,"v":1866441.0},{"ts":"2026-02-13T00:20:00Z","o":66145.0,"h":66190.1,"l":66063.7,"c":66116.1,"v":2201038.0},{"ts":"2026-02-13T00:25:00Z","o":66116.1,"h":66116.1,"l":65976.0,"c":66001.8,"v":1884911.0},{"ts":"2026-02-13T00:30:00Z","o":66001.8,"h":66077.9,"l":65870.7,"c":65940.8,"v":4408945.0},{"ts":"2026-02-13T00:35:00Z","o":65940.8,"h":66082.5,"l":65906.2,"c":66050.9,"v":1839297.0},{"ts":"2026-02-13T00:40:00Z","o":66050.9,"h":66111.5,"l":65924.6,"c":65924.6,"v":1634661.0},{"ts":"2026-02-13T00:45:00Z","o":65924.6,"h":65983.7,"l":65833.9,"c":65948.8,"v":3689082.0},{"ts":"2026-02-13T00:50:00Z","o":65948.8,"h":66020.0,"l":65841.2,"c":65988.0,"v":1772823.0},{"ts":"2026-02-13T00:55:00Z","o":65988.0,"h":66038.1,"l":65881.9,"c":65881.9,"v":1555498.0},{"ts":"2026-02-13T01:00:00Z","o":65881.9,"h":66038.9,"l":65881.9,"c":66025.7,"v":1532085.0},{"ts":"2026-02-13T01:05:00Z","o":66025.7,"h":66250.1,"l":66002.4,"c":66159.6,"v":2099223.0},{"ts":"2026-02-13T01:10:00Z","o":66159.6,"h":66235.4,"l":66126.6,"c":66220.0,"v":1572470.0},{"ts":"2026-02-13T01:15:00Z","o":66220.0,"h":66265.0,"l":66178.2,"c":66188.3,"v":1347713.0},{"ts":"2026-02-13T01:20:00Z","o":66188.3,"h":66230.0,"l":66093.0,"c":66093.0,"v":1217917.0},{"ts":"2026-02-13T01:25:00Z","o":66093.0,"h":66240.3,"l":66052.7,"c":66189.5,"v":1520108.0},{"ts":"2026-02-13T01:30:00Z","o":66189.5,"h":66363.5,"l":66189.5,"c":66334.1,"v":1978198.0},{"ts":"2026-02-13T01:35:00Z","o":66334.1,"h":66448.3,"l":66291.1,"c":66422.0,"v":1432288.0},{"ts":"2026-02-13T01:40:00Z","o":66422.0,"h":66475.1,"l":66383.7,"c":66383.7,"v":1526147.0},{"ts":"2026-02-13T01:45:00Z","o":66383.7,"h":66587.6,"l":66383.7,"c":66522.7,"v":2790626.0},{"ts":"2026-02-13T01:50:00Z","o":66522.7,"h":66547.1,"l":66367.1,"c":66381.6,"v":1388141.0},{"ts":"2026-02-13T01:55:00Z","o":66381.6,"h":66423.5,"l":66299.5,"c":66423.5,"v":1186541.0},{"ts":"2026-02-13T02:00:00Z","o":66423.5,"h":66468.9,"l":66352.8,"c":66466.2,"v":1134900.0},{"ts":"2026-02-13T02:05:00Z","o":66466.2,"h":66506.2,"l":66392.1,"c":66506.2,"v":910092.0},{"ts":"2026-02-13T02:10:00Z","o":66506.2,"h":66540.0,"l":66453.9,"c":66531.0,"v":1481799.0},{"ts":"2026-02-13T02:15:00Z","o":66531.0,"h":66531.0,"l":66429.3,"c":66445.0,"v":661459.0},{"ts":"2026-02-13T02:20:00Z","o":66445.0,"h":66501.0,"l":66353.8,"c":66495.9,"v":674860.0},{"ts":"2026-02-13T02:25:00Z","o":66495.9,"h":66622.9,"l":66494.5,"c":66494.5,"v":1833307.0},{"ts":"2026-02-13T02:30:00Z","o":66494.5,"h":66600.0,"l":66467.2,"c":66562.1,"v":700918.0},{"ts":"2026-02-13T02:35:00Z","o":66562.1,"h":66583.7,"l":66451.1,"c":66472.3,"v":719603.0},{"ts":"2026-02-13T02:40:00Z","o":66472.3,"h":66595.4,"l":66428.5,"c":66555.1,"v":894792.0},{"ts":"2026-02-13T02:45:00Z","o":66555.1,"h":66600.0,"l":66510.8,"c":66510.8,"v":971364.0},{"ts":"2026-02-13T02:50:00Z","o":66510.8,"h":66686.8,"l":66510.8,"c":66652.0,"v":1408797.0},{"ts":"2026-02-13T02:55:00Z","o":66652.0,"h":66727.2,"l":66623.4,"c":66628.0,"v":930070.0},{"ts":"2026-02-13T03:00:00Z","o":66628.0,"h":66741.6,"l":66622.1,"c":66680.1,"v":1746487.0},{"ts":"2026-02-13T03:05:00Z","o":66680.1,"h":66680.1,"l":66464.0,"c":66523.5,"v":2045741.0},{"ts":"2026-02-13T03:10:00Z","o":66523.5,"h":66549.6,"l":66481.5,"c":66481.5,"v":498949.0},{"ts":"2026-02-13T03:15:00Z","o":66481.5,"h":66570.3,"l":66453.5,"c":66565.6,"v":1067146.0},{"ts":"2026-02-13T03:20:00Z","o":66565.6,"h":66573.9,"l":66511.4,"c":66524.6,"v":333832.0},{"ts":"2026-02-13T03:25:00Z","o":66524.6,"h":66647.0,"l":66524.6,"c":66647.0,"v":914631.0},{"ts":"2026-02-13T03:30:00Z","o":66647.0,"h":66778.0,"l":66646.8,"c":66702.4,"v":736388.0}],"15m":[{"ts":"2026-02-12T07:45:00Z","o":67095.1,"h":67203.4,"l":67059.4,"c":67181.5,"v":2985424.0},{"ts":"2026-02-12T08:00:00Z","o":67181.5,"h":67306.6,"l":67050.6,"c":67216.3,"v":4445829.0},{"ts":"2026-02-12T08:15:00Z","o":67216.3,"h":67216.3,"l":66859.5,"c":66896.2,"v":4978084.0},{"ts":"2026-02-12T08:30:00Z","o":66896.2,"h":67038.0,"l":66878.3,"c":66942.8,"v":3486811.0},{"ts":"2026-02-12T08:45:00Z","o":66942.8,"h":67127.9,"l":66942.7,"c":67107.3,"v":3081738.0},{"ts":"2026-02-12T09:00:00Z","o":67107.3,"h":67199.2,"l":67012.2,"c":67158.8,"v":4088064.0},{"ts":"2026-02-12T09:15:00Z","o":67158.8,"h":67293.4,"l":67131.5,"c":67263.0,"v":4725292.0},{"ts":"2026-02-12T09:30:00Z","o":67263.0,"h":67439.1,"l":67213.7,"c":67388.6,"v":4984841.0},{"ts":"2026-02-12T09:45:00Z","o":67388.6,"h":67680.0,"l":67320.0,"c":67517.7,"v":7166002.0},{"ts":"2026-02-12T10:00:00Z","o":67517.7,"h":67597.9,"l":67449.9,"c":67539.0,"v":3838384.0},{"ts":"2026-02-12T10:15:00Z","o":67539.0,"h":67582.3,"l":67381.8,"c":67580.9,"v":4156086.0},{"ts":"2026-02-12T10:30:00Z","o":67580.9,"h":67819.7,"l":67576.1,"c":67635.9,"v":6016760.0},{"ts":"2026-02-12T10:45:00Z","o":67635.9,"h":67994.4,"l":67621.7,"c":67978.0,"v":7579276.0},{"ts":"2026-02-12T11:00:00Z","o":67978.0,"h":68090.1,"l":67707.6,"c":67874.1,"v":9286041.0},{"ts":"2026-02-12T11:15:00Z","o":67874.1,"h":68228.4,"l":67799.4,"c":68170.3,"v":8425079.0},{"ts":"2026-02-12T11:30:00Z","o":68170.3,"h":68257.9,"l":67999.9,"c":68057.0,"v":5258584.0},{"ts":"2026-02-12T11:45:00Z","o":68057.0,"h":68139.6,"l":67970.8,"c":68035.3,"v":4477328.0},{"ts":"2026-02-12T12:00:00Z","o":68035.3,"h":68125.8,"l":67850.0,"c":67988.6,"v":6176667.0},{"ts":"2026-02-12T12:15:00Z","o":67988.6,"h":68005.0,"l":67823.4,"c":67948.7,"v":4842304.0},{"ts":"2026-02-12T12:30:00Z","o":67948.7,"h":67966.9,"l":67815.6,"c":67839.8,"v":2946010.0},{"ts":"2026-02-12T12:45:00Z","o":67839.8,"h":67913.2,"l":67684.8,"c":67832.5,"v":5666483.0},{"ts":"2026-02-12T13:00:00Z","o":67832.5,"h":67853.9,"l":67646.1,"c":67814.9,"v":4619173.0},{"ts":"2026-02-12T13:15:00Z","o":67814.9,"h":68033.5,"l":67649.4,"c":67733.2,"v":8047438.0},{"ts":"2026-02-12T13:30:00Z","o":67733.2,"h":68129.0,"l":67691.5,"c":68081.4,"v":8080911.0},{"ts":"2026-02-12T13:45:00Z","o":68081.4,"h":68366.6,"l":67937.5,"c":68340.0,"v":7113523.0},{"ts":"2026-02-12T14:00:00Z","o":68340.0,"h":68381.5,"l":67820.0,"c":67972.1,"v":9212879.0},{"ts":"2026-02-12T14:15:00Z","o":67972.1,"h":68047.0,"l":67837.0,"c":67963.0,"v":6948879.0},{"ts":"2026-02-12T14:30:00Z","o":67963.0,"h":68249.3,"l":67567.9,"c":67587.1,"v":18299824.0},{"ts":"2026-02-12T14:45:00Z","o":67587.1,"h":67968.3,"l":67453.0,"c":67546.6,"v":12414864.0},{"ts":"2026-02-12T15:00:00Z","o":67546.6,"h":67782.5,"l":66968.2,"c":67382.1,"v":23943306.0},{"ts":"2026-02-12T15:15:00Z","o":67382.1,"h":67927.1,"l":67319.6,"c":67821.6,"v":15664403.0},{"ts":"2026-02-12T15:30:00Z","o":67821.6,"h":67971.2,"l":67214.5,"c":67371.8,"v":13303656.0},{"ts":"2026-02-12T15:45:00Z","o":67371.8,"h":67513.3,"l":67033.6,"c":67103.5,"v":9808421.0},{"ts":"2026-02-12T16:00:00Z","o":67103.5,"h":67211.1,"l":66460.7,"c":66522.8,"v":22162766.0},{"ts":"2026-02-12T16:15:00Z","o":66522.8,"h":66762.3,"l":65960.0,"c":66034.3,"v":16574421.0},{"ts":"2026-02-12T16:30:00Z","o":66034.3,"h":66510.4,"l":65907.4,"c":66243.1,"v":16674528.0},{"ts":"2026-02-12T16:45:00Z","o":66243.1,"h":66338.0,"l":65522.2,"c":65826.2,"v":16919903.0},{"ts":"2026-02-12T17:00:00Z","o":65826.2,"h":65970.5,"l":65530.0,"c":65710.7,"v":9514249.0},{"ts":"2026-02-12T17:15:00Z","o":65710.7,"h":66234.5,"l":65583.0,"c":66096.7,"v":9253238.0},{"ts":"2026-02-12T17:30:00Z","o":66096.7,"h":66177.1,"l":65806.3,"c":65951.2,"v":6374109.0},{"ts":"2026-02-12T17:45:00Z","o":65951.2,"h":66022.6,"l":65331.7,"c":65380.3,"v":12162894.0},{"ts":"2026-02-12T18:00:00Z","o":65380.3,"h":65763.0,"l":65344.2,"c":65664.8,"v":7478085.0},{"ts":"2026-02-12T18:15:00Z","o":65664.8,"h":65691.3,"l":65199.0,"c":65273.2,"v":11128511.0},{"ts":"2026-02-12T18:30:00Z","o":65273.2,"h":65507.6,"l":65081.1,"c":65404.8,"v":8801303.0},{"ts":"2026-02-12T18:45:00Z","o":65404.8,"h":65671.0,"l":65377.7,"c":65559.4,"v":6347793.0},{"ts":"2026-02-12T19:00:00Z","o":65559.4,"h":65720.0,"l":65235.5,"c":65416.8,"v":6533720.0},{"ts":"2026-02-12T19:15:00Z","o":65416.8,"h":65932.7,"l":65382.6,"c":65745.1,"v":7706996.0},{"ts":"2026-02-12T19:30:00Z","o":65745.1,"h":66076.1,"l":65728.4,"c":65948.6,"v":7301165.0},{"ts":"2026-02-12T19:45:00Z","o":65948.6,"h":66088.0,"l":65743.4,"c":65760.8,"v":5417969.0},{"ts":"2026-02-12T20:00:00Z","o":65760.8,"h":66008.7,"l":65576.2,"c":65677.7,"v":7027791.0},{"ts":"2026-02-12T20:15:00Z","o":65677.7,"h":65782.6,"l":65451.5,"c":65477.0,"v":4261713.0},{"ts":"2026-02-12T20:30:00Z","o":65477.0,"h":65655.9,"l":65370.0,"c":65517.6,"v":5123423.0},{"ts":"2026-02-12T20:45:00Z","o":65517.6,"h":65563.7,"l":65184.4,"c":65395.2,"v":8069038.0},{"ts":"2026-02-12T21:00:00Z","o":65395.2,"h":65643.3,"l":65395.2,"c":65640.2,"v":5258266.0},{"ts":"2026-02-12T21:15:00Z","o":65640.2,"h":65770.0,"l":65445.0,"c":65575.7,"v":5823486.0},{"ts":"2026-02-12T21:30:00Z","o":65575.7,"h":65819.5,"l":65550.1,"c":65788.5,"v":4866212.0},{"ts":"2026-02-12T21:45:00Z","o":65788.5,"h":65873.3,"l":65706.4,"c":65816.8,"v":2810797.0},{"ts":"2026-02-12T22:00:00Z","o":65816.8,"h":65861.6,"l":65715.0,"c":65788.9,"v":3423072.0},{"ts":"2026-02-12T22:15:00Z","o":65788.9,"h":65927.3,"l":65615.0,"c":65927.3,"v":4459347.0},{"ts":"2026-02-12T22:30:00Z","o":65927.3,"h":66176.9,"l":65850.8,"c":66168.1,"v":5300581.0},{"ts":"2026-02-12T22:45:00Z","o":66168.1,"h":66380.0,"l":66160.0,"c":66262.3,"v":6674619.0},{"ts":"2026-02-12T23:00:00Z","o":66262.3,"h":66444.0,"l":66173.2,"c":66286.0,"v":5893589.0},{"ts":"2026-02-12T23:15:00Z","o":66286.0,"h":66458.1,"l":66228.2,"c":66366.4,"v":3006050.0},{"ts":"2026-02-12T23:30:00Z","o":66366.4,"h":66456.1,"l":66175.3,"c":66219.9,"v":3842626.0},{"ts":"2026-02-12T23:45:00Z","o":66219.9,"h":66280.2,"l":66135.8,"c":66243.1,"v":3096513.0},{"ts":"2026-02-13T00:00:00Z","o":66243.1,"h":66498.4,"l":66137.9,"c":66341.3,"v":5761410.0},{"ts":"2026-02-13T00:15:00Z","o":66341.3,"h":66347.8,"l":65976.0,"c":66001.8,"v":5952390.0},{"ts":"2026-02-13T00:30:00Z","o":66001.8,"h":66111.5,"l":65870.7,"c":65924.6,"v":7882903.0},{"ts":"2026-02-13T00:45:00Z","o":65924.6,"h":66038.1,"l":65833.9,"c":65881.9,"v":7017403.0},{"ts":"2026-02-13T01:00:00Z","o":65881.9,"h":66250.1,"l":65881.9,"c":66220.0,"v":5203778.0},{"ts":"2026-02-13T01:15:00Z","o":66220.0,"h":66265.0,"l":66052.7,"c":66189.5,"v":4085738.0},{"ts":"2026-02-13T01:30:00Z","o":66189.5,"h":66475.1,"l":66189.5,"c":66383.7,"v":4936633.0},{"ts":"2026-02-13T01:45:00Z","o":66383.7,"h":66587.6,"l":66299.5,"c":66423.5,"v":5365308.0},{"ts":"2026-02-13T02:00:00Z","o":66423.5,"h":66540.0,"l":66352.8,"c":66531.0,"v":3526791.0},{"ts":"2026-02-13T02:15:00Z","o":66531.0,"h":66622.9,"l":66353.8,"c":66494.5,"v":3169626.0},{"ts":"2026-02-13T02:30:00Z","o":66494.5,"h":66600.0,"l":66428.5,"c":66555.1,"v":2315313.0},{"ts":"2026-02-13T02:45:00Z","o":66555.1,"h":66727.2,"l":66510.8,"c":66628.0,"v":3310231.0},{"ts":"2026-02-13T03:00:00Z","o":66628.0,"h":66741.6,"l":66464.0,"c":66481.5,"v":4291177.0},{"ts":"2026-02-13T03:15:00Z","o":66481.5,"h":66647.0,"l":66453.5,"c":66647.0,"v":2315609.0},{"ts":"2026-02-13T03:30:00Z","o":66647.0,"h":66778.0,"l":66646.8,"c":66702.4,"v":736388.0}]},"features":{"P_used":66711.1,"orderbook":{"topN":20,"bandPct":0.0015,"bidSumTopN":188818.0,"askSumTopN":186555.0,"bidAskRatioTopN":1.0121304709067032,"bestBid":66697.3,"bestAsk":66697.4,"spread":0.09999999999126885,"spreadBps":0.014990009157586796,"nearBand":{"bidCount":20,"askCount":20,"topBidWall":{"price":66696.4,"size":104200.0},"topAskWall":{"price":66698.2,"size":103595.0}}},"orderbookHistory":{"available":true,"bidWall":{"samples":26,"persistRate":0.32,"churnRate":0.68,"sizeCv":0.22012542119969478},"askWall":{"samples":26,"persistRate":0.32,"churnRate":0.68,"sizeCv":0.42626904669270355}},"trades":{"available":true,"buyVol":12276.0,"sellVol":10269.0,"buyCnt":22,"sellCnt":18,"buyVolRatio":0.5445109780439121,"sellVolRatio":0.4554890219560878,"maxTrade":{"price":66691.9,"vol":5183.0,"T":1}},"openInterest":{"available":true,"windowSamples":23,"oiStart":520569993.0,"oiEnd":521251468.0,"oiChange":681475.0,"oiChangePct":0.13090938954677703,"pxStart":66697.4,"pxEnd":66694.9,"pxChangePct":-0.003748272046586524,"leverageChaseFlag":false},"context":{"available":true,"range15m":{"hi":66778.0,"lo":65833.9,"pos01":0.9199237368922727,"lastClose":66702.4,"meanClose":66339.17499999999},"range5m":{"hi":66778.0,"lo":65833.9,"pos01":0.9199237368922727,"lastClose":66702.4,"meanClose":66323.45666666668}}}}