{"meta":{"exchange":"MEXC","market":"FUTURES","symbol":"BTC_USDT","generated_at":"2026-02-13T14:59:25Z"},"marketInfo":{"priceUnit":0.1,"volUnit":1,"minVol":1,"contractSize":0.0001,"priceScale":1,"volScale":0,"maxLeverage":500},"price":{"ticker":{"contractId":10,"symbol":"BTC_USDT","lastPrice":67688,"bid1":67687.9,"ask1":67688,"volume24":272488937,"amount24":1814789884.60468,"holdVol":528912172,"lower24Price":65081.1,"high24Price":68381.5,"riseFallRate":0.0087,"riseFallValue":584.5,"indexPrice":67709.5,"fairPrice":67675.5,"fundingRate":0,"maxBidPrice":74480.4,"minAskPrice":60938.5,"timestamp":1770994762759,"riseFallRates":{"zone":"UTC+8","r":0.0087,"v":584.5,"r7":0.0035,"r30":-0.2753,"r90":-0.3003,"r180":-0.4245,"r365":-0.2931},"riseFallRatesOfTimezone":[-0.0095,0.0218,0.0087]},"funding":{"symbol":"BTC_USDT","fundingRate":0,"maxFundingRate":0.0018,"minFundingRate":-0.0018,"collectCycle":8,"nextSettleTime":1770998400000,"timestamp":1770994765680},"index":{"symbol":"BTC_USDT","indexPrice":67709.47,"timestamp":1770994765969},"fair":{"symbol":"BTC_USDT","fairPrice":67675.7,"timestamp":1770994766359}},"metrics":{"openInterestNow":528912172,"oiHistory":[{"t":1770994769113,"lastPrice":67675.4,"bid1":67675.4,"ask1":67675.5,"holdVol":529068153,"fundingRate":0,"indexPrice":67710.4,"fairPrice":67680.4},{"t":1770994771648,"lastPrice":67681.9,"bid1":67684.6,"ask1":67684.7,"holdVol":529055865,"fundingRate":0,"indexPrice":67714.95,"fairPrice":67681.2},{"t":1770994774073,"lastPrice":67678.4,"bid1":67678.4,"ask1":67678.5,"holdVol":529017974,"fundingRate":0,"indexPrice":67698.11,"fairPrice":67672},{"t":1770994776525,"lastPrice":67678.4,"bid1":67678.4,"ask1":67678.5,"holdVol":529017974,"fundingRate":0,"indexPrice":67698.11,"fairPrice":67672},{"t":1770994778970,"lastPrice":67663.5,"bid1":67663.4,"ask1":67663.5,"holdVol":529719033,"fundingRate":0,"indexPrice":67699.36,"fairPrice":67665},{"t":1770994781387,"lastPrice":67688,"bid1":67687.4,"ask1":67687.5,"holdVol":529687075,"fundingRate":0,"indexPrice":67708.37,"fairPrice":67674.7},{"t":1770994783878,"lastPrice":67677.2,"bid1":67677.1,"ask1":67677.2,"holdVol":529650009,"fundingRate":0,"indexPrice":67709.32,"fairPrice":67680.2},{"t":1770994786446,"lastPrice":67677.2,"bid1":67677.1,"ask1":67677.2,"holdVol":529650009,"fundingRate":0,"indexPrice":67709.32,"fairPrice":67680.2},{"t":1770994788893,"lastPrice":67674.3,"bid1":67674.3,"ask1":67674.4,"holdVol":526315017,"fundingRate":0,"indexPrice":67704.26,"fairPrice":67671.8},{"t":1770994791319,"lastPrice":67674.3,"bid1":67674.3,"ask1":67674.4,"holdVol":526315017,"fundingRate":0,"indexPrice":67704.26,"fairPrice":67671.8},{"t":1770994793756,"lastPrice":67703.3,"bid1":67703.9,"ask1":67704,"holdVol":526304505,"fundingRate":0,"indexPrice":67733,"fairPrice":67703.6},{"t":1770994796200,"lastPrice":67691.9,"bid1":67691.9,"ask1":67692,"holdVol":526319683,"fundingRate":0,"indexPrice":67725.87,"fairPrice":67719.3},{"t":1770994798634,"lastPrice":67695.9,"bid1":67695.9,"ask1":67696,"holdVol":526203657,"fundingRate":0,"indexPrice":67730.49,"fairPrice":67697.3},{"t":1770994801061,"lastPrice":67695.9,"bid1":67695.9,"ask1":67696,"holdVol":526203657,"fundingRate":0,"indexPrice":67730.49,"fairPrice":67697.3},{"t":1770994803507,"lastPrice":67718.2,"bid1":67718.9,"ask1":67719.4,"holdVol":526950297,"fundingRate":-1e-06,"indexPrice":67738.23,"fairPrice":67719.3},{"t":1770994805924,"lastPrice":67800,"bid1":67784,"ask1":67785.5,"holdVol":527405856,"fundingRate":-1e-06,"indexPrice":67837.57,"fairPrice":67811.1},{"t":1770994808602,"lastPrice":67779.7,"bid1":67774.9,"ask1":67775,"holdVol":527375136,"fundingRate":-1e-06,"indexPrice":67801.09,"fairPrice":67767.7},{"t":1770994811081,"lastPrice":67775,"bid1":67775,"ask1":67775.1,"holdVol":527180860,"fundingRate":-1e-06,"indexPrice":67805.03,"fairPrice":67776.7},{"t":1770994813513,"lastPrice":67746.7,"bid1":67744.4,"ask1":67744.5,"holdVol":527144630,"fundingRate":-1e-06,"indexPrice":67776.36,"fairPrice":67747.1},{"t":1770994815951,"lastPrice":67746.7,"bid1":67744.4,"ask1":67744.5,"holdVol":527144630,"fundingRate":-1e-06,"indexPrice":67776.36,"fairPrice":67747.1},{"t":1770994818378,"lastPrice":67748.7,"bid1":67748.6,"ask1":67748.7,"holdVol":527169446,"fundingRate":-1e-06,"indexPrice":67763.6,"fairPrice":67730.2},{"t":1770994820806,"lastPrice":67804.6,"bid1":67810.1,"ask1":67810.2,"holdVol":527257516,"fundingRate":-1e-06,"indexPrice":67843.68,"fairPrice":67812.3},{"t":1770994823248,"lastPrice":67786.5,"bid1":67814.9,"ask1":67815,"holdVol":527262883,"fundingRate":-1e-06,"indexPrice":67822.08,"fairPrice":67790.9},{"t":1770994825677,"lastPrice":67792.2,"bid1":67792,"ask1":67792.3,"holdVol":527239660,"fundingRate":-1e-06,"indexPrice":67826.98,"fairPrice":67793.7},{"t":1770994828159,"lastPrice":67791.9,"bid1":67790.7,"ask1":67792,"holdVol":527045203,"fundingRate":-1e-06,"indexPrice":67801.97,"fairPrice":67767}],"fundingRateNow":0,"fundingRateHistory":{"pageSize":24,"totalCount":1620,"totalPage":68,"currentPage":1,"resultList":[{"symbol":"BTC_USDT","fundingRate":6e-06,"settleTime":1770969600000,"collectCycle":8},{"symbol":"BTC_USDT","fundingRate":5.8e-05,"settleTime":1770940800000,"collectCycle":8},{"symbol":"BTC_USDT","fundingRate":-1.7e-05,"settleTime":1770912000000,"collectCycle":8},{"symbol":"BTC_USDT","fundingRate":3.3e-05,"settleTime":1770883200000,"collectCycle":8},{"symbol":"BTC_USDT","fundingRate":-1.3e-05,"settleTime":1770854400000,"collectCycle":8},{"symbol":"BTC_USDT","fundingRate":-1.2e-05,"settleTime":1770825600000,"collectCycle":8},{"symbol":"BTC_USDT","fundingRate":-8.3e-05,"settleTime":1770796800000,"collectCycle":8},{"symbol":"BTC_USDT","fundingRate":1.3e-05,"settleTime":1770768000000,"collectCycle":8},{"symbol":"BTC_USDT","fundingRate":-8.8e-05,"settleTime":1770739200000,"collectCycle":8},{"symbol":"BTC_USDT","fundingRate":-4.7e-05,"settleTime":1770710400000,"collectCycle":8},{"symbol":"BTC_USDT","fundingRate":-9e-05,"settleTime":1770681600000,"collectCycle":8},{"symbol":"BTC_USDT","fundingRate":-4.2e-05,"settleTime":1770652800000,"collectCycle":8},{"symbol":"BTC_USDT","fundingRate":1.7e-05,"settleTime":1770624000000,"collectCycle":8},{"symbol":"BTC_USDT","fundingRate":-2.9e-05,"settleTime":1770595200000,"collectCycle":8},{"symbol":"BTC_USDT","fundingRate":-4.9e-05,"settleTime":1770566400000,"collectCycle":8},{"symbol":"BTC_USDT","fundingRate":-3.5e-05,"settleTime":1770537600000,"collectCycle":8},{"symbol":"BTC_USDT","fundingRate":-3.4e-05,"settleTime":1770508800000,"collectCycle":8},{"symbol":"BTC_USDT","fundingRate":-3e-05,"settleTime":1770480000000,"collectCycle":8},{"symbol":"BTC_USDT","fundingRate":-8.2e-05,"settleTime":1770451200000,"collectCycle":8},{"symbol":"BTC_USDT","fundingRate":-0.000152,"settleTime":1770422400000,"collectCycle":8},{"symbol":"BTC_USDT","fundingRate":-0.000133,"settleTime":1770393600000,"collectCycle":8},{"symbol":"BTC_USDT","fundingRate":-0.000136,"settleTime":1770364800000,"collectCycle":8},{"symbol":"BTC_USDT","fundingRate":-1.3e-05,"settleTime":1770336000000,"collectCycle":8},{"symbol":"BTC_USDT","fundingRate":-4.9e-05,"settleTime":1770307200000,"collectCycle":8}]}},"orderbook":{"asks":[[67672.1,12528,4],[67672.2,4515,1],[67672.3,3974,1],[67672.4,3612,1],[67672.5,4407,1],[67672.6,12788,3],[67672.7,11732,3],[67672.8,12658,3],[67672.9,7865,2],[67673,3895,1],[67673.1,4423,1],[67673.2,3957,1],[67673.3,4531,1],[67673.4,4927,1],[67673.5,4708,1],[67673.9,4155,1],[67674,4403,1],[67674.1,3820,1],[67674.2,4624,1],[67674.3,3977,1]],"bids":[[67672,1,1],[67668.6,15643,2],[67668.5,7658,2],[67668.4,7347,2],[67668.3,4095,1],[67667.9,4551,1],[67667.8,4347,1],[67667.7,102840,2],[67667.6,5175,2],[67667.5,4515,1],[67667.4,3437,1],[67667.3,3935,1],[67667.2,3511,1],[67667.1,3425,1],[67667,4462,1],[67666.9,3659,1],[67666.8,4100,1],[67666.7,4102,1],[67666.6,4275,1],[67666.5,4244,1]],"version":32458998010,"timestamp":1770994766381},"orderbookHistory":{"depthCommits":[{"asks":[],"bids":[[67605.6,8124,1]],"version":32458999710},{"asks":[],"bids":[[67679,0,0]],"version":32458999709},{"asks":[],"bids":[[67665.9,2935,1]],"version":32458999708},{"asks":[],"bids":[[67591.1,7053,3]],"version":32458999707},{"asks":[],"bids":[[67580,459,7]],"version":32458999706},{"asks":[],"bids":[[67601,0,0]],"version":32458999705},{"asks":[],"bids":[[67678.7,0,0]],"version":32458999704},{"asks":[],"bids":[[67678.6,6979,1]],"version":32458999703},{"asks":[],"bids":[[67678.7,6979,1]],"version":32458999702},{"asks":[],"bids":[[67584.5,2,1]],"version":32458999701},{"asks":[],"bids":[[67680.7,27579,6]],"version":32458999700},{"asks":[],"bids":[[67677.7,0,0]],"version":32458999699},{"asks":[],"bids":[[67676.5,0,0]],"version":32458999698},{"asks":[],"bids":[[67678.3,0,0]],"version":32458999697},{"asks":[[67699.3,823,1]],"bids":[],"version":32458999696},{"asks":[],"bids":[[67676.7,0,0]],"version":32458999695},{"asks":[],"bids":[[67677.7,6979,1]],"version":32458999694},{"asks":[[67767.2,0,0]],"bids":[],"version":32458999693},{"asks":[],"bids":[[67680.7,27650,7]],"version":32458999692},{"asks":[],"bids":[[67676.9,0,0]],"version":32458999691},{"asks":[],"bids":[[67680.7,26417,6]],"version":32458999690},{"asks":[],"bids":[[67677.2,3841,1]],"version":32458999689},{"asks":[],"bids":[[67673.6,3923,1]],"version":32458999688},{"asks":[],"bids":[[67615.7,0,0]],"version":32458999687},{"asks":[],"bids":[[67630.2,9221,1]],"version":32458999686},{"asks":[],"bids":[[67678.9,0,0]],"version":32458999685},{"asks":[],"bids":[[67678.9,6979,1]],"version":32458999684},{"asks":[],"bids":[[67673.6,4745,2]],"version":32458999683},{"asks":[],"bids":[[67677.2,10820,2]],"version":32458999682},{"asks":[],"bids":[[67676.5,447,1]],"version":32458999681},{"asks":[],"bids":[[67677.4,3989,1]],"version":32458999680},{"asks":[],"bids":[[67605.5,0,0]],"version":32458999679},{"asks":[],"bids":[[67677.9,6979,1]],"version":32458999678},{"asks":[],"bids":[[67676.6,5916,2]],"version":32458999677},{"asks":[],"bids":[[67679.5,0,0]],"version":32458999676},{"asks":[],"bids":[[67676.8,4498,1]],"version":32458999675},{"asks":[],"bids":[[67677.1,0,0]],"version":32458999674},{"asks":[],"bids":[[67680.7,25595,5]],"version":32458999673},{"asks":[],"bids":[[67678.6,0,0]],"version":32458999672},{"asks":[],"bids":[[67611.7,7051,2]],"version":32458999671},{"asks":[],"bids":[[67676.5,7426,2]],"version":32458999670},{"asks":[],"bids":[[67676.6,12895,3]],"version":32458999669},{"asks":[],"bids":[[67678,11153,2]],"version":32458999668},{"asks":[],"bids":[[67676.4,4684,1]],"version":32458999667},{"asks":[],"bids":[[67678.8,0,0]],"version":32458999666},{"asks":[],"bids":[[67678.2,6979,1]],"version":32458999665},{"asks":[],"bids":[[67678.5,0,0]],"version":32458999664},{"asks":[],"bids":[[67676.7,6979,1]],"version":32458999663},{"asks":[],"bids":[[67610.5,0,0]],"version":32458999662},{"asks":[],"bids":[[67591,0,0]],"version":32458999661},{"asks":[],"bids":[[67676.4,11663,2]],"version":32458999660},{"asks":[],"bids":[[67678.7,13958,2]],"version":32458999659},{"asks":[],"bids":[[67678.3,6979,1]],"version":32458999658},{"asks":[],"bids":[[67679.6,0,0]],"version":32458999657},{"asks":[],"bids":[[67678.4,6979,1]],"version":32458999656},{"asks":[],"bids":[[67678.8,6979,1]],"version":32458999655},{"asks":[],"bids":[[67620.2,0,0]],"version":32458999654},{"asks":[],"bids":[[67674.4,4279,1]],"version":32458999653},{"asks":[],"bids":[[67676.8,11477,2]],"version":32458999652},{"asks":[],"bids":[[67677.8,4950,1]],"version":32458999651}],"polled":{"seconds":60,"stepSec":2.0,"levels":20,"snapshots":[{"timestamp":1770994830209,"version":32459137780,"bids":[[67795.8,7021,1],[67794.2,7320,1],[67794.1,3964,1],[67794,4239,1],[67793.9,3485,1],[67793.8,3835,1],[67793.7,4575,1],[67793.6,4273,1],[67793.5,4337,1],[67793.4,3429,1],[67793.2,1475,1],[67791.7,1475,1],[67791.5,8882,2],[67791.3,8138,2],[67791.1,8587,2],[67790.9,4342,1],[67790.7,4478,1],[67790.5,4697,1],[67790.3,4503,1],[67790.1,5394,2]],"asks":[[67795.9,20,1],[67796.7,13665,2],[67796.8,8235,2],[67796.9,12435,3],[67797,7610,2],[67797.1,8577,2],[67797.2,8742,2],[67797.3,7748,2],[67797.4,8947,2],[67797.5,106362,3],[67797.6,8607,2],[67797.7,8690,2],[67797.8,8922,2],[67797.9,8611,2],[67798,8912,2],[67798.1,7883,2],[67798.2,9097,2],[67798.3,4069,1],[67798.4,4778,1],[67798.6,3757,1]]},{"timestamp":1770994832293,"version":32459142630,"bids":[[67785.4,3615,1],[67785.3,11234,2],[67785.2,4162,1],[67785.1,3584,1],[67785,102192,2],[67784.9,4497,1],[67784.6,3732,1],[67784.5,3821,1],[67784.4,3752,1],[67784.3,4406,1],[67784.2,3905,1],[67784.1,3498,1],[67784,3689,1],[67783.9,3873,1],[67783.8,4080,1],[67783.7,3662,1],[67783.6,4569,1],[67783.4,3824,1],[67783.3,3976,1],[67783.2,9185,2]],"asks":[[67785.5,3861,4],[67786,10082,1],[67786.1,4418,1],[67786.2,3897,1],[67786.3,4081,1],[67786.4,4467,1],[67786.8,102023,2],[67786.9,4866,2],[67787,3557,1],[67787.1,3745,1],[67787.2,4450,1],[67787.3,4560,1],[67787.4,3874,1],[67787.5,3788,1],[67787.6,3643,1],[67787.7,3909,1],[67787.8,3836,1],[67787.9,3592,1],[67788,4027,1],[67788.1,4162,1]]},{"timestamp":1770994834698,"version":32459149070,"bids":[[67726.6,11848,2],[67726.5,10739,2],[67726.4,3832,1],[67726.3,4102,1],[67726.2,4580,1],[67726.1,4263,1],[67726,3540,2],[67725.9,4099,2],[67725.8,3415,1],[67725.7,102488,2],[67725.6,3703,1],[67725.5,4300,1],[67725.4,4307,1],[67725.3,4405,1],[67725.2,4254,1],[67725.1,3876,1],[67725,4456,1],[67724.9,3447,1],[67724.8,3835,1],[67724.7,4498,1]],"asks":[[67731.1,1475,1],[67733.2,1458,1],[67733.4,2810,1],[67733.5,24496,2],[67733.6,2699,1],[67733.7,2681,1],[67733.8,2571,1],[67733.9,2975,1],[67734,2324,1],[67734.1,3044,1],[67734.2,2408,1],[67734.3,2636,1],[67734.4,2603,1],[67734.5,2501,1],[67734.6,4451,2],[67734.7,2374,1],[67734.8,2386,1],[67734.9,2938,1],[67735,2278,1],[67735.1,2772,1]]},{"timestamp":1770994836723,"version":32459153950,"bids":[[67749,9026,1],[67748.9,4260,1],[67748.8,3716,1],[67748.7,4301,1],[67748.6,4341,1],[67748.5,4349,1],[67748.4,3742,1],[67748.3,3711,1],[67748.1,98212,1],[67747.9,3934,1],[67747.8,3474,1],[67747.7,4061,1],[67747.6,4294,1],[67747.5,4153,1],[67747.4,4032,1],[67747.3,3424,1],[67747.2,3937,1],[67747.1,3578,1],[67747,4431,1],[67746.9,4570,1]],"asks":[[67749.1,13058,2],[67749.2,7684,2],[67749.3,7653,2],[67749.4,3578,1],[67749.5,4431,1],[67749.6,4570,1],[67749.7,4354,1],[67749.8,3797,1],[67749.9,102403,2],[67750,3740,1],[67750.1,3723,1],[67750.2,3438,1],[67750.3,3575,1],[67750.4,4459,1],[67750.5,4542,1],[67750.6,3883,1],[67750.7,3923,1],[67750.8,4057,1],[67750.9,4181,1],[67751.1,3924,1]]},{"timestamp":1770994838979,"version":32459160435,"bids":[[67704.9,3476,1],[67704.8,4444,1],[67704.7,3416,1],[67704.6,3745,1],[67704.5,4206,1],[67704.4,4391,1],[67704.3,4184,1],[67704.2,3779,1],[67704.1,3837,1],[67704,3970,1],[67703.9,3406,1],[67703.8,3970,1],[67703.7,3558,1],[67703.6,4333,1],[67703.5,3487,1],[67703.4,8435,2],[67703.3,3613,1],[67703.2,8567,2],[67703.1,3827,1],[67703,7603,2]],"asks":[[67706.2,14223,2],[67706.3,8451,2],[67706.4,8095,2],[67706.5,3779,1],[67706.6,3837,1],[67706.7,3970,1],[67706.8,3406,1],[67706.9,3970,1],[67707,101832,2],[67707.1,4333,1],[67707.2,3487,1],[67707.3,3648,1],[67707.4,3613,1],[67707.5,5143,2],[67707.6,3827,1],[67707.7,3599,1],[67707.8,4580,1],[67707.9,3550,1],[67708,4053,1],[67708.4,3782,1]]},{"timestamp":1770994841281,"version":32459165715,"bids":[[67715.8,7028,1],[67715.5,7028,1],[67713.7,14056,2],[67712.4,2055,2],[67712.3,13627,5],[67712.1,3901,1],[67711.9,3902,1],[67711.7,4392,1],[67711.5,4781,1],[67711.3,4584,1],[67711.1,4880,1],[67710.9,3840,1],[67710.7,4351,1],[67710.5,4938,1],[67710.3,4284,1],[67710.1,3871,1],[67709.9,4172,1],[67709.7,26350,2],[67709.5,4472,1],[67709.3,4025,1]],"asks":[[67715.9,8737,1],[67716,3628,1],[67716.1,4228,1],[67716.2,3527,1],[67716.3,3961,1],[67716.4,4341,1],[67716.5,3918,1],[67716.6,3701,1],[67716.7,102080,2],[67716.8,3838,1],[67716.9,3470,1],[67717,5063,2],[67717.1,4341,1],[67717.2,4384,1],[67717.3,4023,1],[67717.4,3946,1],[67717.5,3760,1],[67717.6,3707,1],[67717.7,3414,1],[67717.8,3403,1]]},{"timestamp":1770994843360,"version":32459168810,"bids":[[67710.2,6345,2],[67710.1,8086,2],[67710,7171,2],[67709.9,3405,1],[67709.8,4325,1],[67709.7,4091,1],[67709.6,4255,1],[67709.5,3472,1],[67709.4,3983,1],[67709.3,102045,2],[67709.2,3554,1],[67709.1,3407,1],[67708.7,4365,1],[67708.6,3657,1],[67708.5,3481,1],[67708.4,4085,1],[67708.3,4490,1],[67708.2,3418,1],[67708.1,4192,1],[67708,4109,1]],"asks":[[67712.9,3932,1],[67713,4287,1],[67713.1,4116,1],[67713.2,3918,1],[67713.3,4891,1],[67713.4,4181,1],[67713.5,3724,1],[67713.6,3950,1],[67713.7,3862,1],[67713.8,4769,1],[67713.9,3782,1],[67714,4457,1],[67714.1,4369,1],[67714.2,4800,1],[67714.3,4073,1],[67714.4,4733,1],[67714.5,3682,1],[67714.6,3762,1],[67714.7,4675,1],[67714.8,4657,1]]},{"timestamp":1770994845752,"version":32459172030,"bids":[[67728.9,4326,1],[67728.7,4520,1],[67728.5,4948,1],[67728.3,4835,1],[67728.1,3991,1],[67727.9,3727,1],[67727.7,4207,1],[67727.5,4800,1],[67727.3,4894,1],[67727.1,4201,1],[67726.9,3884,1],[67726.7,3926,1],[67726.5,4611,1],[67726.3,4829,1],[67726.1,4050,1],[67725.9,4848,1],[67725.7,4677,1],[67725.5,25931,2],[67725.3,4269,1],[67725.1,4815,1]],"asks":[[67729,11456,5],[67729.3,1475,1],[67730,6,1],[67730.7,1475,1],[67731.6,7160,1],[67731.7,14553,2],[67731.8,7397,2],[67731.9,7438,2],[67732,4114,1],[67732.1,4393,1],[67732.2,5909,2],[67732.3,4574,1],[67732.4,3425,1],[67732.5,101905,2],[67732.6,3823,1],[67732.7,3401,1],[67732.8,4264,1],[67732.9,3981,1],[67733,4151,1],[67733.1,3849,1]]},{"timestamp":1770994847924,"version":32459173355,"bids":[[67734.7,1475,1],[67733.3,1475,1],[67733.1,14347,3],[67732.3,7081,1],[67732.1,14706,3],[67732,14891,4],[67731.9,14706,3],[67731.8,16346,5],[67731.7,14162,2],[67731.6,14347,3],[67731.4,4520,4],[67730.4,1475,1],[67730.3,4744,1],[67730.1,4364,1],[67729.9,3870,1],[67729.7,3734,1],[67729.5,4609,1],[67729.3,4762,1],[67729.1,4491,1],[67728.8,1475,1]],"asks":[[67735.8,9592,2],[67735.9,9041,2],[67736,7653,3],[67736.1,4269,1],[67736.2,4815,1],[67736.3,3856,1],[67736.4,3858,1],[67736.5,4122,1],[67736.6,3846,1],[67736.7,4132,1],[67736.8,4631,1],[67736.9,4696,1],[67737,4178,1],[67737.1,4251,1],[67737.2,4740,1],[67737.3,4074,1],[67737.4,3878,1],[67737.5,4242,1],[67737.6,4301,1],[67737.7,3698,1]]},{"timestamp":1770994850264,"version":32459182160,"bids":[[67801.9,4648,1],[67801.8,3811,1],[67801.7,4136,1],[67801.6,4183,1],[67801.5,4461,1],[67801.4,3729,1],[67801.2,3714,1],[67801,4046,1],[67800.8,4697,1],[67800.6,4073,1],[67800.4,4908,1],[67800.2,4348,1],[67800,17208,3],[67799.9,7347,2],[67799.8,11598,3],[67799.7,4538,1],[67799.6,7438,2],[67799.5,3623,1],[67799.4,7921,2],[67799.2,4025,1]],"asks":[[67802,12631,2],[67802.1,11120,2],[67802.4,3932,1],[67802.5,4011,1],[67802.6,3828,1],[67802.7,4083,1],[67802.8,3500,1],[67802.9,3486,1],[67803,4070,1],[67803.1,4339,1],[67803.2,3661,1],[67803.3,4156,1],[67803.7,7057,1],[67803.8,7057,1],[67804.1,4520,4],[67804.2,2951,1],[67806.2,2951,1],[67806.8,2814,1],[67806.9,2822,1],[67807,2504,1]]},{"timestamp":1770994852230,"version":32459186030,"bids":[[67817.9,11238,3],[67816,1233,1],[67815.9,7085,1],[67815.8,4761,1],[67815.6,4716,1],[67815.4,26435,2],[67815.2,3699,1],[67815,4609,1],[67814.8,4435,1],[67814.7,2989,1],[67814.6,7407,2],[67814.5,2754,1],[67814.4,4817,1],[67814.3,2493,1],[67814.2,7400,2],[67814.1,3036,1],[67814,7170,2],[67813.9,2407,1],[67813.8,6244,2],[67813.7,2953,1]],"asks":[[67818,102,1],[67819.3,1635,1],[67819.6,2951,1],[67820,3214,7],[67820.8,1,1],[67821,2952,2],[67821.5,2,1],[67821.6,10613,2],[67821.7,3799,1],[67821.8,8676,2],[67821.9,4235,1],[67822,4443,1],[67822.1,3657,1],[67822.2,3452,1],[67822.3,3895,1],[67822.4,105011,3],[67822.5,3771,1],[67822.6,4487,1],[67822.7,4157,1],[67822.8,4537,1]]},{"timestamp":1770994854639,"version":32459194975,"bids":[[67822.9,15716,2],[67822.8,7659,2],[67822.7,8472,2],[67822.6,4573,1],[67822.5,4073,1],[67822.4,3515,1],[67822.3,4105,1],[67822.2,3513,1],[67822.1,3839,1],[67822,101990,2],[67821.9,4170,1],[67821.8,4549,1],[67821.7,3743,1],[67821.6,4216,1],[67821.5,4483,1],[67821.1,4464,1],[67821,4193,1],[67820.9,4080,1],[67820.8,4394,1],[67820.7,3735,1]],"asks":[[67823,25449,4],[67823.1,13646,2],[67823.2,4217,1],[67823.3,3535,1],[67823.4,4076,1],[67823.5,3507,1],[67823.6,4480,1],[67823.7,4531,1],[67823.8,102864,3],[67823.9,3494,1],[67824,4371,2],[67824.1,5041,3],[67824.2,3136,2],[67825.6,7815,2],[67825.7,4786,1],[67825.8,3921,1],[67827,2951,1],[67828.9,22118,1],[67829.7,13365,2],[67829.8,2698,2]]},{"timestamp":1770994856836,"version":32459198480,"bids":[[67837.1,11199,1],[67837,3964,1],[67836.9,4458,1],[67836.5,1837,1],[67836.4,3893,1],[67836.3,4172,1],[67836.2,102588,2],[67836.1,3998,1],[67836,4524,1],[67835.9,4516,1],[67835.8,4031,1],[67835.7,3645,1],[67835.6,3671,1],[67835.5,3663,1],[67835.4,4194,1],[67835.3,3902,1],[67835.2,4435,1],[67835.1,4475,1],[67835,3404,1],[67834.9,4122,1]],"asks":[[67837.2,27179,4],[67837.3,11194,3],[67837.4,18796,3],[67837.6,17945,3],[67837.7,6848,2],[67837.8,18731,3],[67837.9,3481,1],[67838,116767,5],[67838.1,3893,1],[67838.2,18510,3],[67838.3,4504,1],[67838.4,18336,3],[67838.5,4524,1],[67838.6,4516,1],[67838.7,4031,1],[67838.8,3645,1],[67838.9,3671,1],[67839,3663,1],[67839.1,4194,1],[67839.2,3902,1]]},{"timestamp":1770994858903,"version":32459201575,"bids":[[67820.1,14123,6],[67818.3,13010,2],[67818,4033,1],[67817.9,4571,1],[67817.8,4306,1],[67817.7,4237,1],[67817.6,4294,1],[67817.5,4412,1],[67817.4,7757,2],[67817.3,4116,1],[67817.2,7535,2],[67817.1,4167,1],[67817,8632,2],[67816.9,3412,1],[67816.8,8978,2],[67816.7,3458,1],[67816.6,3566,1],[67816.1,4593,1],[67816,1,1],[67815.9,4522,1]],"asks":[[67820.2,12985,2],[67820.3,7936,2],[67820.4,7594,2],[67820.5,4211,1],[67820.6,4216,1],[67820.7,4494,1],[67820.8,3978,1],[67820.9,3915,1],[67821,102311,2],[67821.4,4242,1],[67821.5,4274,1],[67821.6,4234,1],[67821.7,3505,1],[67821.8,3984,1],[67821.9,4434,1],[67822,3959,1],[67822.1,3526,1],[67822.2,4910,2],[67822.3,3787,1],[67822.4,4071,1]]},{"timestamp":1770994861217,"version":32459208675,"bids":[[67828.1,10988,2],[67828,4369,1],[67827.9,4304,1],[67827.3,8711,1],[67827.2,102213,2],[67827.1,4492,1],[67826.4,98098,1],[67824.6,7691,2],[67824.5,3434,1],[67824.4,8356,2],[67824.2,4854,1],[67821.6,4411,1],[67821.4,4388,1],[67821.2,26512,2],[67821,4051,1],[67820.8,3681,1],[67820.6,4580,1],[67820.5,2593,1],[67820.4,7403,2],[67820.3,2862,1]],"asks":[[67828.2,26444,5],[67828.3,15246,3],[67828.4,8207,2],[67828.8,5470,2],[67828.9,4134,1],[67829,101632,2],[67829.1,3492,1],[67829.2,4187,1],[67829.3,4152,1],[67829.4,3433,1],[67829.5,4065,1],[67829.6,4000,1],[67829.7,4567,1],[67829.8,3467,1],[67829.9,4386,1],[67830,4032,3],[67830.1,3856,1],[67830.2,5052,2],[67830.3,3884,1],[67830.4,3601,1]]},{"timestamp":1770994863577,"version":32459214325,"bids":[[67805.2,17170,8],[67805,8445,1],[67804.4,1475,1],[67804,4222,1],[67803.8,4443,1],[67803.6,4841,1],[67803.4,4646,1],[67803.2,4185,1],[67803.1,3034,1],[67803,6922,2],[67802.9,4337,2],[67802.8,6782,2],[67802.7,2723,1],[67802.6,2453,1],[67802.5,2611,1],[67802.4,2489,1],[67802.3,2580,1],[67802.2,2992,1],[67802.1,2571,1],[67802,2905,1]],"asks":[[67805.3,500,1],[67809.4,9022,2],[67809.5,8407,2],[67809.6,9447,2],[67809.7,4749,1],[67809.8,3973,1],[67809.9,3821,1],[67810,4095,1],[67810.1,3995,1],[67810.2,4514,1],[67810.3,4074,1],[67810.4,4231,1],[67810.5,3844,1],[67810.6,4480,1],[67810.7,4724,1],[67810.8,102278,2],[67810.9,4278,1],[67811,4270,1],[67811.1,4412,1],[67811.2,4552,1]]},{"timestamp":1770994865861,"version":32459219950,"bids":[[67839.6,12551,2],[67839.5,3663,1],[67839.4,4011,1],[67839.3,3854,1],[67839.2,3616,1],[67839.1,3551,1],[67839,4344,1],[67838.9,3969,1],[67838.8,3567,1],[67838.7,8798,2],[67838.6,3575,1],[67838.5,8715,2],[67838.4,4387,1],[67838.3,8789,2],[67838.2,3422,1],[67838.1,3671,1],[67838,3655,1],[67837.9,8272,2],[67837.7,4775,1],[67837.5,4041,1]],"asks":[[67839.7,1475,1],[67841.1,1475,1],[67841.5,12481,2],[67841.6,7748,2],[67841.7,8083,2],[67841.8,3551,1],[67841.9,4344,1],[67842,3969,1],[67842.1,3567,1],[67842.2,4404,1],[67842.3,101653,2],[67842.4,4068,1],[67842.5,5862,2],[67842.6,4574,1],[67842.7,3422,1],[67842.8,4247,1],[67842.9,4325,1],[67843,3582,1],[67843.1,3753,1],[67843.5,4266,1]]},{"timestamp":1770994867948,"version":32459227840,"bids":[[67771.6,8,1],[67768,1,1],[67765.4,1,1],[67765.3,12132,2],[67765.2,3967,1],[67765.1,3938,1],[67764.9,4572,1],[67764.8,3461,1],[67764.7,3888,1],[67764.6,4431,1],[67764.5,3662,1],[67764.4,101807,2],[67764.3,4033,1],[67764.2,3424,1],[67764.1,4343,1],[67764,3832,1],[67763.9,4446,1],[67763.8,4137,1],[67763.7,4142,1],[67763.6,3719,1]],"asks":[[67771.7,2951,1],[67772.4,2052,1],[67772.5,2679,1],[67772.6,2589,1],[67773,2311,1],[67773.1,2559,1],[67773.2,2977,1],[67773.3,2321,1],[67773.4,2579,1],[67773.5,2778,1],[67773.6,2754,1],[67773.7,2464,1],[67773.8,2394,1],[67773.9,2720,1],[67774,2712,1],[67774.1,2355,1],[67774.2,5726,2],[67774.3,2583,1],[67774.4,2684,1],[67774.5,2807,1]]},{"timestamp":1770994870278,"version":32459234420,"bids":[[67760,8076,4],[67759.4,9593,2],[67759.2,9134,2],[67759,8322,2],[67758.8,4434,1],[67758.6,4864,1],[67758.4,4607,2],[67758.2,4813,1],[67757.4,4296,1],[67757.2,4550,1],[67757,4403,1],[67756.8,4012,1],[67756.6,4502,1],[67756.4,4844,1],[67756.2,4384,1],[67756,27063,2],[67755.8,3922,1],[67755.6,4321,1],[67755.4,4450,1],[67755.2,4175,1]],"asks":[[67760.1,4594,2],[67761.3,5396,2],[67761.4,5904,2],[67761.5,8156,3],[67761.6,2339,1],[67761.7,2280,1],[67761.8,2986,1],[67761.9,3007,1],[67762,2694,1],[67762.1,2319,1],[67762.2,2927,1],[67762.6,2926,1],[67762.7,2508,1],[67762.8,2620,1],[67762.9,2275,1],[67763,2702,1],[67763.1,2939,1],[67763.2,2524,1],[67763.3,2484,1],[67763.4,2689,1]]},{"timestamp":1770994872326,"version":32459237855,"bids":[[67737,1,1],[67736,1,1],[67734.6,14970,2],[67734.5,7774,2],[67734.4,7262,2],[67734.3,4213,1],[67734.2,3554,1],[67734.1,3809,1],[67734,4092,1],[67733.9,3848,1],[67733.8,4363,1],[67733.7,102047,2],[67733.6,4561,1],[67733.5,4462,1],[67733.4,3800,1],[67733.3,3405,1],[67733.2,3698,1],[67733.1,4404,2],[67733,4227,1],[67732.9,3767,1]],"asks":[[67737.1,17133,5],[67737.3,4067,1],[67737.4,4003,1],[67737.5,4254,1],[67737.6,4964,1],[67737.7,4905,1],[67737.8,4476,1],[67737.9,4513,1],[67738,4384,1],[67738.1,4274,1],[67738.2,3862,1],[67738.3,4788,1],[67738.4,4401,1],[67738.5,7454,2],[67738.6,3703,1],[67738.7,4636,1],[67738.8,4635,1],[67738.9,4640,1],[67739,4538,1],[67739.1,3744,1]]},{"timestamp":1770994874546,"version":32459242710,"bids":[[67714.2,2757,1],[67714.1,3790,1],[67714,3458,1],[67713.9,4552,1],[67713.8,8304,2],[67713.7,3395,1],[67713.6,7774,2],[67713.4,4346,1],[67713.2,4916,1],[67713,4403,1],[67712.8,4223,1],[67712.6,3673,1],[67712.4,4946,1],[67712.2,4749,1],[67712,4264,1],[67711.8,4690,1],[67711.6,4941,1],[67711.4,3886,1],[67711.2,4102,1],[67711,4231,1]],"asks":[[67714.3,1644,2],[67714.4,7296,1],[67714.9,2951,1],[67716.6,9022,1],[67716.7,3737,1],[67716.8,3895,1],[67716.9,4110,1],[67717,3542,1],[67717.1,4541,1],[67717.2,3606,1],[67717.3,3893,1],[67717.4,102670,2],[67717.5,4106,1],[67717.6,6429,2],[67717.7,3635,1],[67717.8,4364,1],[67717.9,3515,1],[67718,3873,1],[67718.1,3847,1],[67718.2,3486,1]]},{"timestamp":1770994877002,"version":32459248640,"bids":[[67703.2,4121,1],[67703.1,3486,1],[67699.6,9497,3],[67699.2,4932,2],[67699.1,5379,2],[67699,5325,2],[67698.6,2728,1],[67698.5,2859,1],[67698.4,2321,1],[67698.3,2842,1],[67698.2,2912,1],[67698.1,2916,1],[67698,2343,1],[67697.9,2502,1],[67697.8,2942,1],[67697.7,6002,2],[67697.6,3050,1],[67697.5,2953,1],[67697.4,2836,1],[67697.3,2896,1]],"asks":[[67703.3,2818,1],[67703.4,4603,1],[67706.1,11169,1],[67706.2,3803,1],[67706.3,3496,1],[67706.5,4063,1],[67706.6,6856,2],[67706.7,4287,1],[67706.8,4452,1],[67706.9,102382,2],[67707,3530,1],[67707.1,3783,1],[67707.2,102799,2],[67707.3,3511,1],[67707.4,3528,1],[67707.5,3764,1],[67707.6,3776,1],[67707.7,3702,1],[67707.8,3852,1],[67707.9,3531,1]]},{"timestamp":1770994879043,"version":32459251575,"bids":[[67695.5,24036,6],[67695.4,11753,2],[67695.3,4120,1],[67695.2,3821,1],[67695.1,3788,1],[67695,4531,1],[67694.9,3740,1],[67694.8,4471,1],[67694.7,3988,1],[67694.6,102436,2],[67694.5,3697,1],[67694.4,3497,1],[67694.3,4456,1],[67694.2,4447,1],[67694.1,4238,1],[67694,3566,1],[67693.9,4311,1],[67693.8,4096,1],[67693.7,3848,1],[67693.6,4457,1]],"asks":[[67695.6,9235,1],[67695.7,4526,1],[67695.8,4120,1],[67695.9,3821,1],[67696,3788,1],[67696.1,4531,1],[67696.2,3740,1],[67696.3,4471,1],[67696.4,102277,2],[67696.5,4147,1],[67696.6,3697,1],[67696.7,3497,1],[67696.8,4456,1],[67696.9,4447,1],[67697,4238,1],[67697.1,3566,1],[67697.2,4311,1],[67697.3,4096,1],[67697.4,3848,1],[67697.5,4457,1]]},{"timestamp":1770994881284,"version":32459257320,"bids":[[67696.6,20387,7],[67696.5,16874,3],[67696.4,17018,3],[67696.3,2533,1],[67696.2,8630,2],[67695.9,2312,1],[67695.8,2686,1],[67695.7,9578,2],[67695.6,3038,1],[67695.5,3021,1],[67695.4,2981,1],[67695.3,2550,1],[67695.2,2437,1],[67695.1,2552,1],[67695,9969,2],[67694.9,2316,1],[67694.8,2339,1],[67694.7,2705,1],[67694.6,2935,1],[67694.5,2806,1]],"asks":[[67696.7,4073,1],[67696.8,4682,1],[67696.9,4665,1],[67697,3720,1],[67697.1,4618,1],[67703.5,10882,1],[67703.6,4149,1],[67703.7,4423,1],[67703.8,3677,1],[67703.9,3613,1],[67704,4379,1],[67704.1,4095,1],[67704.2,4536,1],[67704.3,101747,2],[67704.4,3945,1],[67704.5,4097,1],[67704.6,3590,1],[67704.7,4210,1],[67704.8,4135,1],[67704.9,4242,1]]},{"timestamp":1770994883509,"version":32459260750,"bids":[[67680,595,3],[67673.6,9270,1],[67673.5,3459,1],[67673.4,3546,1],[67673.3,3617,1],[67673.2,4070,1],[67673.1,4023,1],[67673,4022,1],[67672.9,4426,1],[67672.8,4529,1],[67672.7,102681,2],[67672.6,3795,1],[67672.5,3618,1],[67672.4,4410,1],[67672.3,3865,1],[67672.2,3516,1],[67672.1,4133,1],[67672,4324,2],[67671.9,3785,1],[67671.8,3414,1]],"asks":[[67680.4,2937,1],[67680.5,2831,1],[67680.6,2648,1],[67680.7,3040,1],[67680.8,2913,1],[67680.9,2363,1],[67681,2263,1],[67681.1,2608,1],[67681.2,2718,1],[67681.3,2931,1],[67681.4,2733,1],[67681.5,2438,1],[67681.6,2323,1],[67681.7,2266,1],[67681.8,3038,1],[67681.9,3047,1],[67682,2921,1],[67682.1,2816,1],[67682.2,2586,1],[67682.3,3004,1]]},{"timestamp":1770994885782,"version":32459265730,"bids":[[67707.9,10855,1],[67707.8,3753,1],[67707.7,3481,1],[67707.6,3632,1],[67707.5,4088,1],[67707.4,7169,1],[67707.3,14338,2],[67707,98271,1],[67706.4,4219,1],[67706.3,4013,1],[67706.2,4205,1],[67706.1,11711,2],[67706,4023,1],[67705.9,4208,1],[67705.8,4381,1],[67705.7,4089,1],[67705.6,4001,1],[67705.2,4031,1],[67705.1,4247,1],[67705,3722,1]],"asks":[[67708,15133,2],[67708.1,7273,2],[67708.2,6950,2],[67708.6,4013,1],[67708.7,4205,1],[67708.8,102813,2],[67708.9,4023,1],[67709,4208,1],[67709.1,4381,1],[67709.2,4089,1],[67709.3,4001,1],[67709.4,4579,1],[67709.5,3800,1],[67709.6,4131,1],[67709.7,4134,1],[67709.8,4345,1],[67709.9,4193,1],[67710,3485,1],[67710.1,12024,3],[67710.2,9021,2]]},{"timestamp":1770994888190,"version":32459268800,"bids":[[67727.2,4761,1],[67727,4268,1],[67726.8,3827,1],[67726.6,4182,1],[67726.4,4477,1],[67726.2,4346,1],[67726,4820,1],[67725.8,3686,1],[67725,4776,1],[67724.8,4304,1],[67724.6,4488,1],[67723.9,4648,1],[67723.8,22148,1],[67723.7,4573,1],[67723.5,4490,1],[67723.3,4158,1],[67723.1,7355,2],[67723,3000,1],[67722.9,6915,2],[67722.8,2894,1]],"asks":[[67727.3,2096,2],[67729.9,11209,4],[67730,11492,2],[67730.1,3428,1],[67730.2,4177,1],[67730.3,3917,1],[67730.4,4329,1],[67730.5,4254,1],[67730.6,4012,1],[67730.7,4199,1],[67730.8,102604,2],[67730.9,4342,1],[67731,4239,1],[67731.1,4271,1],[67731.2,3466,1],[67731.3,1477,1],[67731.4,4566,1],[67731.5,3946,1],[67731.6,4088,1],[67731.8,4068,1]]}]}},"trades":[{"p":67680.8,"v":66,"T":1,"O":3,"M":2,"t":1770994766749,"i":"13370925192"},{"p":67680.8,"v":14,"T":1,"O":1,"M":2,"t":1770994766730,"i":"13370925190"},{"p":67680.7,"v":452,"T":2,"O":2,"M":2,"t":1770994766727,"i":"13370925189"},{"p":67673.5,"v":301,"T":2,"O":3,"M":2,"t":1770994766594,"i":"13370925180"},{"p":67673.6,"v":181,"T":1,"O":3,"M":2,"t":1770994766497,"i":"13370925162"},{"p":67673.7,"v":20,"T":1,"O":2,"M":2,"t":1770994766147,"i":"13370925103"},{"p":67675.5,"v":21,"T":1,"O":3,"M":1,"t":1770994766076,"i":"13370925083"},{"p":67675.4,"v":1618,"T":2,"O":2,"M":2,"t":1770994765669,"i":"13370925052"},{"p":67675.4,"v":3107,"T":2,"O":3,"M":2,"t":1770994765595,"i":"13370925038"},{"p":67675.4,"v":7,"T":2,"O":3,"M":1,"t":1770994765577,"i":"13370925028"},{"p":67675.5,"v":8,"T":1,"O":2,"M":2,"t":1770994765415,"i":"13370925011"},{"p":67675.4,"v":15,"T":2,"O":3,"M":2,"t":1770994765264,"i":"13370924988"},{"p":67680.3,"v":741,"T":2,"O":3,"M":2,"t":1770994764648,"i":"13370924904"},{"p":67680.4,"v":6,"T":1,"O":3,"M":2,"t":1770994764446,"i":"13370924888"},{"p":67680.4,"v":200,"T":1,"O":3,"M":2,"t":1770994764254,"i":"13370924857"},{"p":67681.9,"v":18,"T":1,"O":3,"M":1,"t":1770994764077,"i":"13370924823"},{"p":67680.4,"v":3,"T":1,"O":3,"M":2,"t":1770994763791,"i":"13370924803"},{"p":67680.4,"v":14,"T":1,"O":3,"M":2,"t":1770994763752,"i":"13370924801"},{"p":67680.3,"v":73,"T":2,"O":3,"M":2,"t":1770994763730,"i":"13370924798"},{"p":67680.4,"v":221,"T":1,"O":3,"M":2,"t":1770994763566,"i":"13370924765"},{"p":67681.4,"v":30,"T":1,"O":2,"M":2,"t":1770994763246,"i":"13370924737"},{"p":67684.1,"v":652,"T":2,"O":1,"M":2,"t":1770994763149,"i":"13370924707"},{"p":67689.6,"v":932,"T":1,"O":1,"M":2,"t":1770994763104,"i":"13370924693"},{"p":67689.5,"v":4413,"T":1,"O":1,"M":2,"t":1770994763104,"i":"13370924692"},{"p":67689.4,"v":4285,"T":1,"O":1,"M":2,"t":1770994763104,"i":"13370924691"},{"p":67689.3,"v":4148,"T":1,"O":1,"M":2,"t":1770994763104,"i":"13370924690"},{"p":67689.2,"v":3942,"T":1,"O":3,"M":2,"t":1770994763104,"i":"13370924689"},{"p":67689.2,"v":3409,"T":1,"O":1,"M":2,"t":1770994763104,"i":"13370924688"},{"p":67689.1,"v":3497,"T":1,"O":3,"M":2,"t":1770994763104,"i":"13370924687"},{"p":67689,"v":1479,"T":1,"O":1,"M":2,"t":1770994763104,"i":"13370924686"},{"p":67689,"v":8914,"T":1,"O":3,"M":2,"t":1770994763103,"i":"13370924685"},{"p":67688.9,"v":12,"T":2,"O":3,"M":1,"t":1770994763076,"i":"13370924684"},{"p":67689,"v":435,"T":1,"O":3,"M":2,"t":1770994762961,"i":"13370924670"},{"p":67688,"v":65,"T":1,"O":1,"M":2,"t":1770994762961,"i":"13370924669"},{"p":67688,"v":35,"T":1,"O":1,"M":2,"t":1770994762708,"i":"13370924646"},{"p":67688,"v":1,"T":1,"O":1,"M":2,"t":1770994762708,"i":"13370924645"},{"p":67679.7,"v":369,"T":2,"O":1,"M":2,"t":1770994762599,"i":"13370924622"},{"p":67681.5,"v":549,"T":1,"O":3,"M":2,"t":1770994762582,"i":"13370924611"},{"p":67681.4,"v":10760,"T":1,"O":3,"M":2,"t":1770994762582,"i":"13370924610"},{"p":67679.8,"v":6724,"T":1,"O":1,"M":2,"t":1770994762582,"i":"13370924609"},{"p":67679.8,"v":6,"T":2,"O":3,"M":1,"t":1770994762581,"i":"13370924602"},{"p":67679.8,"v":3,"T":2,"O":3,"M":1,"t":1770994762581,"i":"13370924601"},{"p":67679.8,"v":5,"T":2,"O":3,"M":1,"t":1770994762581,"i":"13370924599"},{"p":67679.8,"v":1,"T":1,"O":3,"M":1,"t":1770994762580,"i":"13370924598"},{"p":67679.7,"v":1000,"T":2,"O":1,"M":2,"t":1770994762384,"i":"13370924586"},{"p":67680.2,"v":1414,"T":1,"O":3,"M":2,"t":1770994762361,"i":"13370924585"},{"p":67680,"v":5,"T":1,"O":2,"M":2,"t":1770994762361,"i":"13370924584"},{"p":67679.8,"v":1233,"T":1,"O":3,"M":2,"t":1770994762361,"i":"13370924583"},{"p":67679.8,"v":6559,"T":1,"O":3,"M":2,"t":1770994762361,"i":"13370924582"},{"p":67679.8,"v":1643,"T":1,"O":3,"M":2,"t":1770994762361,"i":"13370924581"},{"p":67679.8,"v":822,"T":1,"O":3,"M":2,"t":1770994762361,"i":"13370924580"},{"p":67679.8,"v":822,"T":1,"O":3,"M":2,"t":1770994762361,"i":"13370924579"},{"p":67679.8,"v":7283,"T":1,"O":3,"M":2,"t":1770994762360,"i":"13370924578"},{"p":67679.8,"v":37,"T":1,"O":2,"M":2,"t":1770994762360,"i":"13370924577"},{"p":67679.7,"v":720,"T":2,"O":3,"M":2,"t":1770994762330,"i":"13370924576"},{"p":67679.7,"v":7,"T":2,"O":3,"M":2,"t":1770994762222,"i":"13370924530"},{"p":67679.7,"v":998,"T":2,"O":3,"M":2,"t":1770994762172,"i":"13370924507"},{"p":67672,"v":1,"T":1,"O":3,"M":2,"t":1770994762153,"i":"13370924501"},{"p":67671.6,"v":71,"T":2,"O":1,"M":2,"t":1770994761715,"i":"13370924451"},{"p":67671.6,"v":429,"T":2,"O":1,"M":2,"t":1770994761715,"i":"13370924450"},{"p":67667.1,"v":13,"T":2,"O":3,"M":1,"t":1770994761576,"i":"13370924423"},{"p":67666.3,"v":38,"T":2,"O":1,"M":2,"t":1770994761554,"i":"13370924422"},{"p":67666.2,"v":182,"T":2,"O":1,"M":2,"t":1770994761472,"i":"13370924418"},{"p":67671.7,"v":298,"T":1,"O":1,"M":2,"t":1770994761460,"i":"13370924417"},{"p":67671.7,"v":2832,"T":1,"O":1,"M":2,"t":1770994761453,"i":"13370924416"},{"p":67671.6,"v":4438,"T":1,"O":1,"M":2,"t":1770994761453,"i":"13370924415"},{"p":67671.5,"v":3453,"T":1,"O":3,"M":2,"t":1770994761453,"i":"13370924414"},{"p":67671.5,"v":3413,"T":1,"O":1,"M":2,"t":1770994761453,"i":"13370924413"},{"p":67671.4,"v":4484,"T":1,"O":3,"M":2,"t":1770994761453,"i":"13370924412"},{"p":67671.3,"v":9347,"T":1,"O":3,"M":2,"t":1770994761453,"i":"13370924411"},{"p":67666.3,"v":250,"T":1,"O":1,"M":2,"t":1770994761453,"i":"13370924410"},{"p":67666.3,"v":291,"T":1,"O":1,"M":2,"t":1770994761453,"i":"13370924409"},{"p":67661.8,"v":28,"T":2,"O":2,"M":2,"t":1770994760753,"i":"13370924340"},{"p":67661.9,"v":5705,"T":1,"O":3,"M":2,"t":1770994760744,"i":"13370924339"},{"p":67661.8,"v":3866,"T":2,"O":2,"M":2,"t":1770994760737,"i":"13370924338"},{"p":67661.8,"v":1,"T":2,"O":3,"M":2,"t":1770994760534,"i":"13370924315"},{"p":67661.8,"v":314,"T":2,"O":2,"M":2,"t":1770994760423,"i":"13370924310"},{"p":67661.8,"v":69,"T":2,"O":3,"M":2,"t":1770994760364,"i":"13370924306"},{"p":67661.2,"v":3693,"T":2,"O":3,"M":2,"t":1770994760252,"i":"13370924286"},{"p":67660.1,"v":6,"T":1,"O":3,"M":1,"t":1770994760077,"i":"13370924099"},{"p":67657.5,"v":63,"T":2,"O":1,"M":2,"t":1770994759815,"i":"13370924092"},{"p":67657.5,"v":715,"T":2,"O":3,"M":2,"t":1770994759799,"i":"13370924090"},{"p":67657.7,"v":822,"T":2,"O":3,"M":2,"t":1770994759798,"i":"13370924089"},{"p":67655.5,"v":8447,"T":2,"O":3,"M":2,"t":1770994759518,"i":"13370924054"},{"p":67655.5,"v":35,"T":2,"O":2,"M":2,"t":1770994759506,"i":"13370924051"},{"p":67653.9,"v":20,"T":2,"O":2,"M":2,"t":1770994759151,"i":"13370924007"},{"p":67656,"v":1,"T":2,"O":2,"M":2,"t":1770994759151,"i":"13370924006"},{"p":67679.7,"v":2,"T":2,"O":3,"M":1,"t":1770994757576,"i":"13370923838"},{"p":67679.8,"v":1000,"T":1,"O":1,"M":2,"t":1770994757460,"i":"13370923830"},{"p":67677.6,"v":49,"T":1,"O":3,"M":2,"t":1770994757312,"i":"13370923816"},{"p":67677.6,"v":1071,"T":1,"O":1,"M":2,"t":1770994757236,"i":"13370923808"},{"p":67677.6,"v":369,"T":1,"O":3,"M":2,"t":1770994757236,"i":"13370923807"},{"p":67677.5,"v":8,"T":1,"O":3,"M":1,"t":1770994757078,"i":"13370923751"},{"p":67677.6,"v":28,"T":1,"O":1,"M":2,"t":1770994757028,"i":"13370923748"},{"p":67672.3,"v":426,"T":1,"O":3,"M":2,"t":1770994756257,"i":"13370923659"},{"p":67672,"v":1,"T":1,"O":3,"M":2,"t":1770994756257,"i":"13370923658"},{"p":67666.4,"v":10,"T":2,"O":2,"M":2,"t":1770994756029,"i":"13370923602"},{"p":67663,"v":2209,"T":2,"O":2,"M":2,"t":1770994755847,"i":"13370923597"},{"p":67659.3,"v":1,"T":2,"O":3,"M":2,"t":1770994755580,"i":"13370923554"},{"p":67646.1,"v":5,"T":1,"O":3,"M":1,"t":1770994755077,"i":"13370923483"}],"klines":{"1m":[{"ts":"2026-02-13T11:00:00Z","o":66940.0,"h":66949.4,"l":66907.7,"c":66907.7,"v":272377.0},{"ts":"2026-02-13T11:01:00Z","o":66907.7,"h":66912.8,"l":66819.7,"c":66824.1,"v":736997.0},{"ts":"2026-02-13T11:02:00Z","o":66824.1,"h":66886.4,"l":66824.1,"c":66861.9,"v":406130.0},{"ts":"2026-02-13T11:03:00Z","o":66861.9,"h":66884.0,"l":66828.2,"c":66828.2,"v":221287.0},{"ts":"2026-02-13T11:04:00Z","o":66828.2,"h":66901.2,"l":66819.5,"c":66899.6,"v":366318.0},{"ts":"2026-02-13T11:05:00Z","o":66899.6,"h":66943.9,"l":66899.5,"c":66923.7,"v":357475.0},{"ts":"2026-02-13T11:06:00Z","o":66923.7,"h":66956.0,"l":66923.7,"c":66955.9,"v":292457.0},{"ts":"2026-02-13T11:07:00Z","o":66955.9,"h":66999.9,"l":66950.9,"c":66951.1,"v":224063.0},{"ts":"2026-02-13T11:08:00Z","o":66951.1,"h":66957.6,"l":66857.0,"c":66865.0,"v":344002.0},{"ts":"2026-02-13T11:09:00Z","o":66865.0,"h":66900.0,"l":66865.0,"c":66880.0,"v":176613.0},{"ts":"2026-02-13T11:10:00Z","o":66880.0,"h":66895.3,"l":66835.9,"c":66840.0,"v":247203.0},{"ts":"2026-02-13T11:11:00Z","o":66840.0,"h":66840.0,"l":66810.6,"c":66829.9,"v":418797.0},{"ts":"2026-02-13T11:12:00Z","o":66829.9,"h":66854.3,"l":66809.1,"c":66809.5,"v":209954.0},{"ts":"2026-02-13T11:13:00Z","o":66809.5,"h":66861.1,"l":66809.5,"c":66830.0,"v":237820.0},{"ts":"2026-02-13T11:14:00Z","o":66830.0,"h":66856.0,"l":66827.5,"c":66849.9,"v":138627.0},{"ts":"2026-02-13T11:15:00Z","o":66849.9,"h":66895.2,"l":66845.2,"c":66870.8,"v":327595.0},{"ts":"2026-02-13T11:16:00Z","o":66870.8,"h":66898.3,"l":66870.0,"c":66881.3,"v":255588.0},{"ts":"2026-02-13T11:17:00Z","o":66881.3,"h":66900.0,"l":66849.4,"c":66854.0,"v":244102.0},{"ts":"2026-02-13T11:18:00Z","o":66854.0,"h":66873.7,"l":66827.5,"c":66873.7,"v":189981.0},{"ts":"2026-02-13T11:19:00Z","o":66873.7,"h":66911.5,"l":66873.6,"c":66900.1,"v":247085.0},{"ts":"2026-02-13T11:20:00Z","o":66900.1,"h":66937.8,"l":66893.9,"c":66915.1,"v":307940.0},{"ts":"2026-02-13T11:21:00Z","o":66915.1,"h":66925.6,"l":66883.4,"c":66918.4,"v":90325.0},{"ts":"2026-02-13T11:22:00Z","o":66918.4,"h":66920.1,"l":66849.8,"c":66881.4,"v":347929.0},{"ts":"2026-02-13T11:23:00Z","o":66881.4,"h":66908.9,"l":66881.3,"c":66883.3,"v":118950.0},{"ts":"2026-02-13T11:24:00Z","o":66883.3,"h":66889.7,"l":66849.1,"c":66859.1,"v":310759.0},{"ts":"2026-02-13T11:25:00Z","o":66859.1,"h":66909.7,"l":66856.3,"c":66895.3,"v":114437.0},{"ts":"2026-02-13T11:26:00Z","o":66895.3,"h":66925.5,"l":66884.4,"c":66925.5,"v":113237.0},{"ts":"2026-02-13T11:27:00Z","o":66925.5,"h":66968.5,"l":66914.0,"c":66935.9,"v":260339.0},{"ts":"2026-02-13T11:28:00Z","o":66935.9,"h":66978.3,"l":66923.3,"c":66977.4,"v":485156.0},{"ts":"2026-02-13T11:29:00Z","o":66977.4,"h":66977.4,"l":66926.4,"c":66944.6,"v":238735.0},{"ts":"2026-02-13T11:30:00Z","o":66944.6,"h":66965.6,"l":66902.4,"c":66902.4,"v":210681.0},{"ts":"2026-02-13T11:31:00Z","o":66902.4,"h":66902.4,"l":66782.8,"c":66824.4,"v":671489.0},{"ts":"2026-02-13T11:32:00Z","o":66824.4,"h":66842.8,"l":66760.7,"c":66774.2,"v":522444.0},{"ts":"2026-02-13T11:33:00Z","o":66774.2,"h":66814.2,"l":66749.1,"c":66771.2,"v":713586.0},{"ts":"2026-02-13T11:34:00Z","o":66771.2,"h":66823.8,"l":66768.0,"c":66818.8,"v":259506.0},{"ts":"2026-02-13T11:35:00Z","o":66818.8,"h":66867.3,"l":66791.0,"c":66863.0,"v":258612.0},{"ts":"2026-02-13T11:36:00Z","o":66863.0,"h":66875.4,"l":66835.2,"c":66838.9,"v":161172.0},{"ts":"2026-02-13T11:37:00Z","o":66838.9,"h":66880.0,"l":66834.9,"c":66839.9,"v":107842.0},{"ts":"2026-02-13T11:38:00Z","o":66839.9,"h":66969.6,"l":66839.9,"c":66938.4,"v":395812.0},{"ts":"2026-02-13T11:39:00Z","o":66938.4,"h":66938.4,"l":66883.6,"c":66914.7,"v":188058.0},{"ts":"2026-02-13T11:40:00Z","o":66914.7,"h":66924.0,"l":66898.4,"c":66910.2,"v":120738.0},{"ts":"2026-02-13T11:41:00Z","o":66910.2,"h":66944.0,"l":66898.3,"c":66940.7,"v":132580.0},{"ts":"2026-02-13T11:42:00Z","o":66940.7,"h":66993.5,"l":66940.7,"c":66961.9,"v":492992.0},{"ts":"2026-02-13T11:43:00Z","o":66961.9,"h":66978.4,"l":66944.2,"c":66960.0,"v":157454.0},{"ts":"2026-02-13T11:44:00Z","o":66960.0,"h":66964.3,"l":66916.7,"c":66962.0,"v":194533.0},{"ts":"2026-02-13T11:45:00Z","o":66962.0,"h":66971.7,"l":66931.3,"c":66943.4,"v":144323.0},{"ts":"2026-02-13T11:46:00Z","o":66943.4,"h":67014.7,"l":66930.3,"c":66982.9,"v":403077.0},{"ts":"2026-02-13T11:47:00Z","o":66982.9,"h":67008.0,"l":66966.3,"c":66994.5,"v":395455.0},{"ts":"2026-02-13T11:48:00Z","o":66994.5,"h":67005.3,"l":66956.8,"c":66956.8,"v":237767.0},{"ts":"2026-02-13T11:49:00Z","o":66956.8,"h":66983.9,"l":66934.9,"c":66976.7,"v":301999.0},{"ts":"2026-02-13T11:50:00Z","o":66976.7,"h":66999.2,"l":66971.1,"c":66992.9,"v":121950.0},{"ts":"2026-02-13T11:51:00Z","o":66992.9,"h":67002.5,"l":66970.1,"c":66979.9,"v":106723.0},{"ts":"2026-02-13T11:52:00Z","o":66979.9,"h":67015.0,"l":66968.5,"c":66989.6,"v":178471.0},{"ts":"2026-02-13T11:53:00Z","o":66989.6,"h":67034.2,"l":66984.6,"c":67031.2,"v":190353.0},{"ts":"2026-02-13T11:54:00Z","o":67031.2,"h":67034.1,"l":66992.3,"c":67024.6,"v":188856.0},{"ts":"2026-02-13T11:55:00Z","o":67024.6,"h":67167.7,"l":67004.4,"c":67115.6,"v":1376288.0},{"ts":"2026-02-13T11:56:00Z","o":67115.6,"h":67168.6,"l":67112.9,"c":67160.0,"v":525902.0},{"ts":"2026-02-13T11:57:00Z","o":67160.0,"h":67195.4,"l":67128.0,"c":67138.5,"v":657697.0},{"ts":"2026-02-13T11:58:00Z","o":67138.5,"h":67176.0,"l":67131.3,"c":67160.8,"v":268048.0},{"ts":"2026-02-13T11:59:00Z","o":67160.8,"h":67160.8,"l":67124.1,"c":67137.4,"v":226926.0},{"ts":"2026-02-13T12:00:00Z","o":67137.4,"h":67143.2,"l":67081.9,"c":67128.8,"v":444319.0},{"ts":"2026-02-13T12:01:00Z","o":67128.8,"h":67128.9,"l":67075.4,"c":67087.2,"v":224059.0},{"ts":"2026-02-13T12:02:00Z","o":67087.2,"h":67130.8,"l":67054.9,"c":67081.2,"v":330737.0},{"ts":"2026-02-13T12:03:00Z","o":67081.2,"h":67081.2,"l":66978.4,"c":67004.9,"v":827271.0},{"ts":"2026-02-13T12:04:00Z","o":67004.9,"h":67005.0,"l":66974.6,"c":66987.3,"v":325108.0},{"ts":"2026-02-13T12:05:00Z","o":66987.3,"h":67000.0,"l":66912.0,"c":66941.1,"v":514431.0},{"ts":"2026-02-13T12:06:00Z","o":66941.1,"h":66966.6,"l":66923.9,"c":66950.0,"v":344234.0},{"ts":"2026-02-13T12:07:00Z","o":66950.0,"h":66956.8,"l":66923.8,"c":66948.7,"v":233106.0},{"ts":"2026-02-13T12:08:00Z","o":66948.7,"h":67008.0,"l":66933.9,"c":66979.0,"v":320016.0},{"ts":"2026-02-13T12:09:00Z","o":66979.0,"h":67022.6,"l":66970.2,"c":67004.1,"v":400087.0},{"ts":"2026-02-13T12:10:00Z","o":67004.1,"h":67007.0,"l":66980.9,"c":67006.9,"v":131856.0},{"ts":"2026-02-13T12:11:00Z","o":67006.9,"h":67012.0,"l":66961.0,"c":66961.2,"v":179473.0},{"ts":"2026-02-13T12:12:00Z","o":66961.2,"h":67055.9,"l":66961.2,"c":67043.8,"v":206579.0},{"ts":"2026-02-13T12:13:00Z","o":67043.8,"h":67049.0,"l":66978.3,"c":66990.8,"v":369604.0},{"ts":"2026-02-13T12:14:00Z","o":66990.8,"h":67004.0,"l":66944.7,"c":66951.7,"v":276511.0},{"ts":"2026-02-13T12:15:00Z","o":66951.7,"h":66958.1,"l":66930.0,"c":66930.0,"v":218943.0},{"ts":"2026-02-13T12:16:00Z","o":66930.0,"h":66933.9,"l":66891.6,"c":66891.7,"v":450450.0},{"ts":"2026-02-13T12:17:00Z","o":66891.7,"h":66925.1,"l":66887.0,"c":66915.3,"v":247253.0},{"ts":"2026-02-13T12:18:00Z","o":66915.3,"h":66984.7,"l":66915.3,"c":66984.0,"v":295277.0},{"ts":"2026-02-13T12:19:00Z","o":66984.0,"h":67009.5,"l":66970.4,"c":66973.2,"v":241693.0},{"ts":"2026-02-13T12:20:00Z","o":66973.2,"h":67035.9,"l":66961.2,"c":67018.5,"v":272690.0},{"ts":"2026-02-13T12:21:00Z","o":67018.5,"h":67037.1,"l":67011.1,"c":67037.1,"v":268556.0},{"ts":"2026-02-13T12:22:00Z","o":67037.1,"h":67040.0,"l":66991.7,"c":66996.5,"v":457674.0},{"ts":"2026-02-13T12:23:00Z","o":66996.5,"h":66997.7,"l":66959.9,"c":66995.0,"v":171805.0},{"ts":"2026-02-13T12:24:00Z","o":66995.0,"h":66997.9,"l":66977.5,"c":66977.5,"v":98307.0},{"ts":"2026-02-13T12:25:00Z","o":66977.5,"h":67062.6,"l":66966.0,"c":67059.8,"v":244763.0},{"ts":"2026-02-13T12:26:00Z","o":67059.8,"h":67084.7,"l":67021.8,"c":67022.0,"v":266937.0},{"ts":"2026-02-13T12:27:00Z","o":67022.0,"h":67091.2,"l":67019.0,"c":67071.3,"v":247634.0},{"ts":"2026-02-13T12:28:00Z","o":67071.3,"h":67083.1,"l":67044.7,"c":67061.0,"v":134767.0},{"ts":"2026-02-13T12:29:00Z","o":67061.0,"h":67088.7,"l":67054.3,"c":67060.1,"v":163238.0},{"ts":"2026-02-13T12:30:00Z","o":67060.1,"h":67067.3,"l":67023.7,"c":67024.9,"v":118193.0},{"ts":"2026-02-13T12:31:00Z","o":67024.9,"h":67073.0,"l":67024.9,"c":67071.8,"v":112699.0},{"ts":"2026-02-13T12:32:00Z","o":67071.8,"h":67071.9,"l":67019.0,"c":67045.9,"v":83071.0},{"ts":"2026-02-13T12:33:00Z","o":67045.9,"h":67074.8,"l":67039.5,"c":67039.5,"v":293929.0},{"ts":"2026-02-13T12:34:00Z","o":67039.5,"h":67046.2,"l":67012.2,"c":67023.1,"v":200094.0},{"ts":"2026-02-13T12:35:00Z","o":67023.1,"h":67049.3,"l":67001.3,"c":67046.0,"v":137809.0},{"ts":"2026-02-13T12:36:00Z","o":67046.0,"h":67046.0,"l":67010.6,"c":67036.0,"v":94931.0},{"ts":"2026-02-13T12:37:00Z","o":67036.0,"h":67100.3,"l":67036.0,"c":67091.8,"v":340461.0},{"ts":"2026-02-13T12:38:00Z","o":67091.8,"h":67103.1,"l":67082.5,"c":67096.2,"v":163285.0},{"ts":"2026-02-13T12:39:00Z","o":67096.2,"h":67096.3,"l":67038.6,"c":67041.0,"v":376414.0},{"ts":"2026-02-13T12:40:00Z","o":67041.0,"h":67082.2,"l":67041.0,"c":67058.9,"v":154187.0},{"ts":"2026-02-13T12:41:00Z","o":67058.9,"h":67083.1,"l":67048.0,"c":67076.7,"v":116843.0},{"ts":"2026-02-13T12:42:00Z","o":67076.7,"h":67097.9,"l":67027.0,"c":67046.4,"v":218927.0},{"ts":"2026-02-13T12:43:00Z","o":67046.4,"h":67058.3,"l":67025.2,"c":67055.0,"v":135725.0},{"ts":"2026-02-13T12:44:00Z","o":67055.0,"h":67072.8,"l":67050.3,"c":67057.3,"v":112504.0},{"ts":"2026-02-13T12:45:00Z","o":67057.3,"h":67078.5,"l":67052.7,"c":67068.0,"v":125997.0},{"ts":"2026-02-13T12:46:00Z","o":67068.0,"h":67072.5,"l":67043.3,"c":67052.2,"v":216754.0},{"ts":"2026-02-13T12:47:00Z","o":67052.2,"h":67057.5,"l":67019.4,"c":67026.1,"v":239687.0},{"ts":"2026-02-13T12:48:00Z","o":67026.1,"h":67026.2,"l":66989.4,"c":67000.2,"v":405639.0},{"ts":"2026-02-13T12:49:00Z","o":67000.2,"h":67073.4,"l":66972.1,"c":67073.4,"v":905635.0},{"ts":"2026-02-13T12:50:00Z","o":67073.4,"h":67089.0,"l":67043.2,"c":67043.3,"v":209487.0},{"ts":"2026-02-13T12:51:00Z","o":67043.3,"h":67043.3,"l":67015.4,"c":67024.4,"v":91852.0},{"ts":"2026-02-13T12:52:00Z","o":67024.4,"h":67072.0,"l":67007.3,"c":67071.9,"v":198663.0},{"ts":"2026-02-13T12:53:00Z","o":67071.9,"h":67142.2,"l":67071.7,"c":67142.1,"v":599751.0},{"ts":"2026-02-13T12:54:00Z","o":67142.1,"h":67180.0,"l":67142.1,"c":67179.9,"v":645139.0},{"ts":"2026-02-13T12:55:00Z","o":67179.9,"h":67180.9,"l":67129.6,"c":67152.8,"v":501287.0},{"ts":"2026-02-13T12:56:00Z","o":67152.8,"h":67161.0,"l":67126.6,"c":67126.8,"v":189089.0},{"ts":"2026-02-13T12:57:00Z","o":67126.8,"h":67132.6,"l":67102.8,"c":67130.0,"v":387974.0},{"ts":"2026-02-13T12:58:00Z","o":67130.0,"h":67130.0,"l":67038.3,"c":67057.1,"v":582379.0},{"ts":"2026-02-13T12:59:00Z","o":67057.1,"h":67073.8,"l":67030.0,"c":67050.0,"v":321080.0},{"ts":"2026-02-13T13:00:00Z","o":67050.0,"h":67084.9,"l":67047.9,"c":67080.6,"v":219140.0},{"ts":"2026-02-13T13:01:00Z","o":67080.6,"h":67123.1,"l":67072.0,"c":67080.0,"v":219641.0},{"ts":"2026-02-13T13:02:00Z","o":67080.0,"h":67142.5,"l":67080.0,"c":67118.7,"v":206570.0},{"ts":"2026-02-13T13:03:00Z","o":67118.7,"h":67155.4,"l":67118.7,"c":67146.1,"v":222948.0},{"ts":"2026-02-13T13:04:00Z","o":67146.1,"h":67146.1,"l":67111.4,"c":67111.6,"v":170525.0},{"ts":"2026-02-13T13:05:00Z","o":67111.6,"h":67123.2,"l":67089.6,"c":67089.6,"v":243783.0},{"ts":"2026-02-13T13:06:00Z","o":67089.6,"h":67089.6,"l":67071.0,"c":67071.0,"v":243370.0},{"ts":"2026-02-13T13:07:00Z","o":67071.0,"h":67071.1,"l":66929.3,"c":66938.9,"v":733210.0},{"ts":"2026-02-13T13:08:00Z","o":66938.9,"h":66968.7,"l":66907.9,"c":66938.0,"v":553524.0},{"ts":"2026-02-13T13:09:00Z","o":66938.0,"h":66978.7,"l":66916.5,"c":66947.3,"v":454861.0},{"ts":"2026-02-13T13:10:00Z","o":66947.3,"h":66960.2,"l":66930.4,"c":66945.2,"v":337633.0},{"ts":"2026-02-13T13:11:00Z","o":66945.2,"h":66970.9,"l":66922.5,"c":66940.4,"v":364599.0},{"ts":"2026-02-13T13:12:00Z","o":66940.4,"h":66960.8,"l":66925.6,"c":66948.0,"v":238109.0},{"ts":"2026-02-13T13:13:00Z","o":66948.0,"h":66983.0,"l":66927.6,"c":66927.6,"v":674218.0},{"ts":"2026-02-13T13:14:00Z","o":66927.6,"h":66945.5,"l":66913.3,"c":66939.6,"v":280486.0},{"ts":"2026-02-13T13:15:00Z","o":66939.6,"h":66997.9,"l":66939.6,"c":66983.6,"v":360423.0},{"ts":"2026-02-13T13:16:00Z","o":66983.6,"h":67000.1,"l":66953.5,"c":66999.8,"v":465183.0},{"ts":"2026-02-13T13:17:00Z","o":66999.8,"h":67062.5,"l":66979.1,"c":67062.5,"v":372468.0},{"ts":"2026-02-13T13:18:00Z","o":67062.5,"h":67078.2,"l":67050.3,"c":67050.3,"v":547500.0},{"ts":"2026-02-13T13:19:00Z","o":67050.3,"h":67083.0,"l":67050.3,"c":67059.9,"v":294552.0},{"ts":"2026-02-13T13:20:00Z","o":67059.9,"h":67065.6,"l":67034.3,"c":67048.6,"v":312469.0},{"ts":"2026-02-13T13:21:00Z","o":67048.6,"h":67049.7,"l":67002.4,"c":67003.7,"v":137833.0},{"ts":"2026-02-13T13:22:00Z","o":67003.7,"h":67080.0,"l":66984.2,"c":67079.1,"v":443923.0},{"ts":"2026-02-13T13:23:00Z","o":67079.1,"h":67107.7,"l":67066.6,"c":67107.7,"v":323827.0},{"ts":"2026-02-13T13:24:00Z","o":67107.7,"h":67246.2,"l":67107.6,"c":67200.0,"v":1689470.0},{"ts":"2026-02-13T13:25:00Z","o":67200.0,"h":67341.0,"l":67194.4,"c":67243.9,"v":2272662.0},{"ts":"2026-02-13T13:26:00Z","o":67243.9,"h":67294.8,"l":67234.4,"c":67284.7,"v":554798.0},{"ts":"2026-02-13T13:27:00Z","o":67284.7,"h":67287.6,"l":67240.2,"c":67243.6,"v":615926.0},{"ts":"2026-02-13T13:28:00Z","o":67243.6,"h":67299.4,"l":67243.5,"c":67279.7,"v":356548.0},{"ts":"2026-02-13T13:29:00Z","o":67279.7,"h":67382.9,"l":67248.4,"c":67304.4,"v":1065182.0},{"ts":"2026-02-13T13:30:00Z","o":67304.4,"h":67595.8,"l":67286.8,"c":67316.1,"v":6952692.0},{"ts":"2026-02-13T13:31:00Z","o":67316.1,"h":67474.2,"l":67286.3,"c":67431.2,"v":1292041.0},{"ts":"2026-02-13T13:32:00Z","o":67431.2,"h":67512.0,"l":67317.7,"c":67356.0,"v":1235589.0},{"ts":"2026-02-13T13:33:00Z","o":67356.0,"h":67498.0,"l":67328.3,"c":67498.0,"v":588298.0},{"ts":"2026-02-13T13:34:00Z","o":67498.0,"h":67531.7,"l":67425.4,"c":67479.8,"v":1615321.0},{"ts":"2026-02-13T13:35:00Z","o":67479.8,"h":67479.8,"l":67343.8,"c":67430.0,"v":1498349.0},{"ts":"2026-02-13T13:36:00Z","o":67430.0,"h":67436.5,"l":67268.4,"c":67304.2,"v":1076409.0},{"ts":"2026-02-13T13:37:00Z","o":67304.2,"h":67337.6,"l":67263.3,"c":67331.8,"v":468842.0},{"ts":"2026-02-13T13:38:00Z","o":67331.8,"h":67345.6,"l":67239.0,"c":67241.5,"v":676575.0},{"ts":"2026-02-13T13:39:00Z","o":67241.5,"h":67328.3,"l":67206.5,"c":67270.9,"v":687174.0},{"ts":"2026-02-13T13:40:00Z","o":67270.9,"h":67287.9,"l":67163.1,"c":67201.9,"v":705835.0},{"ts":"2026-02-13T13:41:00Z","o":67201.9,"h":67324.8,"l":67201.9,"c":67306.8,"v":959144.0},{"ts":"2026-02-13T13:42:00Z","o":67306.8,"h":67360.9,"l":67201.7,"c":67239.9,"v":615337.0},{"ts":"2026-02-13T13:43:00Z","o":67239.9,"h":67326.0,"l":67239.9,"c":67326.0,"v":553223.0},{"ts":"2026-02-13T13:44:00Z","o":67326.0,"h":67330.0,"l":67252.6,"c":67292.9,"v":415884.0},{"ts":"2026-02-13T13:45:00Z","o":67292.9,"h":67316.3,"l":67201.4,"c":67211.7,"v":1566745.0},{"ts":"2026-02-13T13:46:00Z","o":67211.7,"h":67241.4,"l":67110.0,"c":67172.9,"v":890947.0},{"ts":"2026-02-13T13:47:00Z","o":67172.9,"h":67176.0,"l":67111.8,"c":67136.2,"v":494266.0},{"ts":"2026-02-13T13:48:00Z","o":67136.2,"h":67159.9,"l":67079.1,"c":67109.2,"v":772687.0},{"ts":"2026-02-13T13:49:00Z","o":67109.2,"h":67263.3,"l":67105.4,"c":67250.7,"v":962514.0},{"ts":"2026-02-13T13:50:00Z","o":67250.7,"h":67324.8,"l":67228.6,"c":67266.1,"v":1747522.0},{"ts":"2026-02-13T13:51:00Z","o":67266.1,"h":67324.4,"l":67260.0,"c":67300.2,"v":437232.0},{"ts":"2026-02-13T13:52:00Z","o":67300.2,"h":67357.7,"l":67276.5,"c":67349.9,"v":465170.0},{"ts":"2026-02-13T13:53:00Z","o":67349.9,"h":67381.5,"l":67333.7,"c":67347.1,"v":563059.0},{"ts":"2026-02-13T13:54:00Z","o":67347.1,"h":67349.8,"l":67320.0,"c":67320.1,"v":397370.0},{"ts":"2026-02-13T13:55:00Z","o":67320.1,"h":67358.3,"l":67320.0,"c":67342.7,"v":199972.0},{"ts":"2026-02-13T13:56:00Z","o":67342.7,"h":67387.7,"l":67305.0,"c":67308.7,"v":575024.0},{"ts":"2026-02-13T13:57:00Z","o":67308.7,"h":67333.1,"l":67263.3,"c":67266.3,"v":513294.0},{"ts":"2026-02-13T13:58:00Z","o":67266.3,"h":67303.0,"l":67235.6,"c":67288.3,"v":420034.0},{"ts":"2026-02-13T13:59:00Z","o":67288.3,"h":67307.2,"l":67236.9,"c":67238.1,"v":223085.0},{"ts":"2026-02-13T14:00:00Z","o":67238.1,"h":67242.7,"l":67200.5,"c":67223.9,"v":628778.0},{"ts":"2026-02-13T14:01:00Z","o":67223.9,"h":67265.6,"l":67217.3,"c":67251.5,"v":169541.0},{"ts":"2026-02-13T14:02:00Z","o":67251.5,"h":67280.1,"l":67199.5,"c":67240.0,"v":396039.0},{"ts":"2026-02-13T14:03:00Z","o":67240.0,"h":67257.7,"l":67189.8,"c":67197.4,"v":299631.0},{"ts":"2026-02-13T14:04:00Z","o":67197.4,"h":67197.4,"l":67115.4,"c":67138.7,"v":555569.0},{"ts":"2026-02-13T14:05:00Z","o":67138.7,"h":67190.5,"l":67100.0,"c":67154.0,"v":426649.0},{"ts":"2026-02-13T14:06:00Z","o":67154.0,"h":67177.1,"l":67100.1,"c":67158.4,"v":262330.0},{"ts":"2026-02-13T14:07:00Z","o":67158.4,"h":67158.4,"l":67094.4,"c":67149.2,"v":274538.0},{"ts":"2026-02-13T14:08:00Z","o":67149.2,"h":67194.4,"l":67149.2,"c":67180.4,"v":329054.0},{"ts":"2026-02-13T14:09:00Z","o":67180.4,"h":67229.8,"l":67180.4,"c":67193.0,"v":302690.0},{"ts":"2026-02-13T14:10:00Z","o":67193.0,"h":67258.5,"l":67191.7,"c":67258.5,"v":377005.0},{"ts":"2026-02-13T14:11:00Z","o":67258.5,"h":67276.2,"l":67235.7,"c":67246.3,"v":348623.0},{"ts":"2026-02-13T14:12:00Z","o":67246.3,"h":67246.6,"l":67187.7,"c":67220.9,"v":159967.0},{"ts":"2026-02-13T14:13:00Z","o":67220.9,"h":67221.0,"l":67128.9,"c":67146.2,"v":448731.0},{"ts":"2026-02-13T14:14:00Z","o":67146.2,"h":67160.6,"l":67111.7,"c":67127.5,"v":406991.0},{"ts":"2026-02-13T14:15:00Z","o":67127.5,"h":67174.8,"l":67127.5,"c":67174.7,"v":307938.0},{"ts":"2026-02-13T14:16:00Z","o":67174.7,"h":67231.9,"l":67163.5,"c":67231.8,"v":373421.0},{"ts":"2026-02-13T14:17:00Z","o":67231.8,"h":67295.7,"l":67205.8,"c":67294.2,"v":510401.0},{"ts":"2026-02-13T14:18:00Z","o":67294.2,"h":67336.7,"l":67291.9,"c":67319.0,"v":570491.0},{"ts":"2026-02-13T14:19:00Z","o":67319.0,"h":67325.4,"l":67290.0,"c":67299.1,"v":177543.0},{"ts":"2026-02-13T14:20:00Z","o":67299.1,"h":67309.4,"l":67275.8,"c":67293.3,"v":237960.0},{"ts":"2026-02-13T14:21:00Z","o":67293.3,"h":67303.3,"l":67260.7,"c":67264.1,"v":358782.0},{"ts":"2026-02-13T14:22:00Z","o":67264.1,"h":67282.4,"l":67247.7,"c":67247.7,"v":168039.0},{"ts":"2026-02-13T14:23:00Z","o":67247.7,"h":67257.3,"l":67211.6,"c":67231.0,"v":285876.0},{"ts":"2026-02-13T14:24:00Z","o":67231.0,"h":67231.0,"l":67192.0,"c":67194.2,"v":246637.0},{"ts":"2026-02-13T14:25:00Z","o":67194.2,"h":67210.9,"l":67161.4,"c":67175.3,"v":268448.0},{"ts":"2026-02-13T14:26:00Z","o":67175.3,"h":67203.4,"l":67166.9,"c":67188.4,"v":241116.0},{"ts":"2026-02-13T14:27:00Z","o":67188.4,"h":67349.8,"l":67188.4,"c":67349.6,"v":516373.0},{"ts":"2026-02-13T14:28:00Z","o":67349.6,"h":67368.8,"l":67294.4,"c":67301.6,"v":469690.0},{"ts":"2026-02-13T14:29:00Z","o":67301.6,"h":67305.1,"l":67263.0,"c":67284.0,"v":318947.0},{"ts":"2026-02-13T14:30:00Z","o":67284.0,"h":67334.3,"l":67217.0,"c":67274.9,"v":438889.0},{"ts":"2026-02-13T14:31:00Z","o":67274.9,"h":67376.7,"l":67172.7,"c":67368.6,"v":604969.0},{"ts":"2026-02-13T14:32:00Z","o":67368.6,"h":67434.1,"l":67279.4,"c":67409.0,"v":830554.0},{"ts":"2026-02-13T14:33:00Z","o":67409.0,"h":67510.6,"l":67276.9,"c":67290.1,"v":1204544.0},{"ts":"2026-02-13T14:34:00Z","o":67290.1,"h":67557.4,"l":67284.9,"c":67510.1,"v":2113260.0},{"ts":"2026-02-13T14:35:00Z","o":67510.1,"h":67551.7,"l":67343.9,"c":67549.5,"v":1122949.0},{"ts":"2026-02-13T14:36:00Z","o":67549.5,"h":67556.1,"l":67391.7,"c":67405.9,"v":625512.0},{"ts":"2026-02-13T14:37:00Z","o":67405.9,"h":67500.0,"l":67339.6,"c":67353.0,"v":628691.0},{"ts":"2026-02-13T14:38:00Z","o":67353.0,"h":67547.9,"l":67264.7,"c":67547.8,"v":1448626.0},{"ts":"2026-02-13T14:39:00Z","o":67547.8,"h":67547.8,"l":67338.0,"c":67347.4,"v":1798022.0},{"ts":"2026-02-13T14:40:00Z","o":67347.4,"h":67358.9,"l":67099.9,"c":67099.9,"v":2236008.0},{"ts":"2026-02-13T14:41:00Z","o":67099.9,"h":67123.3,"l":66851.4,"c":66872.3,"v":3399815.0},{"ts":"2026-02-13T14:42:00Z","o":66872.3,"h":66930.5,"l":66833.9,"c":66922.2,"v":1332230.0},{"ts":"2026-02-13T14:43:00Z","o":66922.2,"h":67146.8,"l":66884.7,"c":67136.3,"v":1347798.0},{"ts":"2026-02-13T14:44:00Z","o":67136.3,"h":67301.0,"l":67084.4,"c":67301.0,"v":1563215.0},{"ts":"2026-02-13T14:45:00Z","o":67301.0,"h":67763.0,"l":67301.0,"c":67739.8,"v":3534991.0},{"ts":"2026-02-13T14:46:00Z","o":67739.8,"h":67749.6,"l":67605.5,"c":67715.3,"v":1818424.0},{"ts":"2026-02-13T14:47:00Z","o":67715.3,"h":67799.4,"l":67659.9,"c":67799.4,"v":1402385.0},{"ts":"2026-02-13T14:48:00Z","o":67799.4,"h":68000.0,"l":67799.3,"c":67844.2,"v":4323274.0},{"ts":"2026-02-13T14:49:00Z","o":67844.2,"h":67989.0,"l":67803.1,"c":67844.1,"v":2072704.0},{"ts":"2026-02-13T14:50:00Z","o":67844.1,"h":67888.0,"l":67584.3,"c":67776.0,"v":2323820.0},{"ts":"2026-02-13T14:51:00Z","o":67776.0,"h":67860.0,"l":67631.9,"c":67850.5,"v":1634678.0},{"ts":"2026-02-13T14:52:00Z","o":67850.5,"h":67868.8,"l":67641.8,"c":67734.2,"v":1033227.0},{"ts":"2026-02-13T14:53:00Z","o":67734.2,"h":67925.5,"l":67658.2,"c":67688.9,"v":1336426.0},{"ts":"2026-02-13T14:54:00Z","o":67688.9,"h":67759.8,"l":67631.6,"c":67654.0,"v":1381941.0},{"ts":"2026-02-13T14:55:00Z","o":67654.0,"h":67829.3,"l":67648.8,"c":67780.0,"v":975933.0},{"ts":"2026-02-13T14:56:00Z","o":67780.0,"h":67819.0,"l":67600.0,"c":67603.1,"v":911331.0},{"ts":"2026-02-13T14:57:00Z","o":67603.1,"h":67708.3,"l":67600.0,"c":67624.1,"v":1014568.0},{"ts":"2026-02-13T14:58:00Z","o":67624.1,"h":67720.0,"l":67602.1,"c":67690.3,"v":578741.0},{"ts":"2026-02-13T14:59:00Z","o":67690.3,"h":67708.3,"l":67642.1,"c":67684.7,"v":294074.0}],"5m":[{"ts":"2026-02-13T05:00:00Z","o":66300.0,"h":66424.5,"l":66291.2,"c":66376.0,"v":997776.0},{"ts":"2026-02-13T05:05:00Z","o":66376.0,"h":66407.4,"l":66190.5,"c":66250.0,"v":1419276.0},{"ts":"2026-02-13T05:10:00Z","o":66250.0,"h":66300.0,"l":66211.1,"c":66211.1,"v":910870.0},{"ts":"2026-02-13T05:15:00Z","o":66211.1,"h":66305.0,"l":66194.4,"c":66304.9,"v":721549.0},{"ts":"2026-02-13T05:20:00Z","o":66304.9,"h":66374.7,"l":66267.2,"c":66267.2,"v":531743.0},{"ts":"2026-02-13T05:25:00Z","o":66267.2,"h":66337.2,"l":66223.6,"c":66292.1,"v":510854.0},{"ts":"2026-02-13T05:30:00Z","o":66292.1,"h":66388.1,"l":66278.0,"c":66368.0,"v":790827.0},{"ts":"2026-02-13T05:35:00Z","o":66368.0,"h":66438.8,"l":66336.6,"c":66388.8,"v":1220843.0},{"ts":"2026-02-13T05:40:00Z","o":66388.8,"h":66444.0,"l":66318.4,"c":66438.0,"v":1026293.0},{"ts":"2026-02-13T05:45:00Z","o":66438.0,"h":66474.4,"l":66399.5,"c":66455.6,"v":807037.0},{"ts":"2026-02-13T05:50:00Z","o":66455.6,"h":66455.6,"l":66336.9,"c":66346.7,"v":543178.0},{"ts":"2026-02-13T05:55:00Z","o":66346.7,"h":66346.7,"l":66151.1,"c":66151.3,"v":1623255.0},{"ts":"2026-02-13T06:00:00Z","o":66151.3,"h":66245.7,"l":66135.1,"c":66204.3,"v":1355361.0},{"ts":"2026-02-13T06:05:00Z","o":66204.3,"h":66259.5,"l":66184.4,"c":66222.2,"v":536208.0},{"ts":"2026-02-13T06:10:00Z","o":66222.2,"h":66279.9,"l":66202.0,"c":66202.7,"v":552345.0},{"ts":"2026-02-13T06:15:00Z","o":66202.7,"h":66268.0,"l":66173.2,"c":66173.2,"v":821021.0},{"ts":"2026-02-13T06:20:00Z","o":66173.2,"h":66227.0,"l":66010.0,"c":66071.5,"v":1747988.0},{"ts":"2026-02-13T06:25:00Z","o":66071.5,"h":66095.7,"l":66018.5,"c":66093.5,"v":1061446.0},{"ts":"2026-02-13T06:30:00Z","o":66093.5,"h":66093.5,"l":65973.7,"c":66045.4,"v":1319991.0},{"ts":"2026-02-13T06:35:00Z","o":66045.4,"h":66095.5,"l":66012.0,"c":66017.6,"v":700281.0},{"ts":"2026-02-13T06:40:00Z","o":66017.6,"h":66084.9,"l":66017.6,"c":66059.3,"v":722952.0},{"ts":"2026-02-13T06:45:00Z","o":66059.3,"h":66105.5,"l":66020.2,"c":66050.0,"v":1292008.0},{"ts":"2026-02-13T06:50:00Z","o":66050.0,"h":66200.8,"l":66050.0,"c":66191.0,"v":1507139.0},{"ts":"2026-02-13T06:55:00Z","o":66191.0,"h":66367.5,"l":66172.7,"c":66330.4,"v":1649428.0},{"ts":"2026-02-13T07:00:00Z","o":66330.4,"h":66450.0,"l":66304.4,"c":66426.2,"v":1232009.0},{"ts":"2026-02-13T07:05:00Z","o":66426.2,"h":66445.0,"l":66338.0,"c":66350.0,"v":1129413.0},{"ts":"2026-02-13T07:10:00Z","o":66350.0,"h":66543.2,"l":66350.0,"c":66497.5,"v":2007148.0},{"ts":"2026-02-13T07:15:00Z","o":66497.5,"h":66540.1,"l":66409.7,"c":66429.9,"v":1106350.0},{"ts":"2026-02-13T07:20:00Z","o":66429.9,"h":66470.0,"l":66385.8,"c":66469.3,"v":1179858.0},{"ts":"2026-02-13T07:25:00Z","o":66469.3,"h":66491.1,"l":66399.3,"c":66490.0,"v":825488.0},{"ts":"2026-02-13T07:30:00Z","o":66490.0,"h":66490.0,"l":66288.6,"c":66320.9,"v":1313990.0},{"ts":"2026-02-13T07:35:00Z","o":66320.9,"h":66337.9,"l":66149.8,"c":66200.3,"v":1847429.0},{"ts":"2026-02-13T07:40:00Z","o":66200.3,"h":66200.3,"l":66093.8,"c":66094.0,"v":1685936.0},{"ts":"2026-02-13T07:45:00Z","o":66094.0,"h":66137.9,"l":66040.9,"c":66118.3,"v":1584807.0},{"ts":"2026-02-13T07:50:00Z","o":66118.3,"h":66278.8,"l":66018.0,"c":66278.8,"v":1678001.0},{"ts":"2026-02-13T07:55:00Z","o":66278.8,"h":66300.0,"l":66132.0,"c":66183.2,"v":1942851.0},{"ts":"2026-02-13T08:00:00Z","o":66183.2,"h":66336.6,"l":66159.9,"c":66312.0,"v":1684090.0},{"ts":"2026-02-13T08:05:00Z","o":66312.0,"h":66459.6,"l":66252.8,"c":66258.1,"v":1895186.0},{"ts":"2026-02-13T08:10:00Z","o":66258.1,"h":66328.0,"l":66230.9,"c":66232.1,"v":625622.0},{"ts":"2026-02-13T08:15:00Z","o":66232.1,"h":66305.9,"l":66185.8,"c":66298.3,"v":1008404.0},{"ts":"2026-02-13T08:20:00Z","o":66298.3,"h":66391.7,"l":66241.8,"c":66263.6,"v":1422348.0},{"ts":"2026-02-13T08:25:00Z","o":66263.6,"h":66412.5,"l":66263.6,"c":66382.8,"v":1020078.0},{"ts":"2026-02-13T08:30:00Z","o":66382.8,"h":66440.2,"l":66341.4,"c":66430.1,"v":993700.0},{"ts":"2026-02-13T08:35:00Z","o":66430.1,"h":66511.1,"l":66390.6,"c":66397.3,"v":1658651.0},{"ts":"2026-02-13T08:40:00Z","o":66397.3,"h":66477.0,"l":66369.1,"c":66477.0,"v":1191232.0},{"ts":"2026-02-13T08:45:00Z","o":66477.0,"h":66723.0,"l":66476.9,"c":66631.9,"v":3334252.0},{"ts":"2026-02-13T08:50:00Z","o":66631.9,"h":66676.9,"l":66575.8,"c":66652.5,"v":1970208.0},{"ts":"2026-02-13T08:55:00Z","o":66652.5,"h":66676.1,"l":66555.2,"c":66674.8,"v":1189895.0},{"ts":"2026-02-13T09:00:00Z","o":66674.8,"h":66697.5,"l":66580.0,"c":66631.0,"v":1600463.0},{"ts":"2026-02-13T09:05:00Z","o":66631.0,"h":66767.4,"l":66599.7,"c":66748.9,"v":1962415.0},{"ts":"2026-02-13T09:10:00Z","o":66748.9,"h":66830.9,"l":66621.0,"c":66653.5,"v":2942979.0},{"ts":"2026-02-13T09:15:00Z","o":66653.5,"h":66760.0,"l":66606.0,"c":66695.3,"v":1852419.0},{"ts":"2026-02-13T09:20:00Z","o":66695.3,"h":66809.8,"l":66645.6,"c":66761.5,"v":1545117.0},{"ts":"2026-02-13T09:25:00Z","o":66761.5,"h":66790.2,"l":66687.1,"c":66790.1,"v":921996.0},{"ts":"2026-02-13T09:30:00Z","o":66790.1,"h":66875.7,"l":66743.2,"c":66873.1,"v":2122073.0},{"ts":"2026-02-13T09:35:00Z","o":66873.1,"h":66911.2,"l":66789.9,"c":66820.5,"v":1938239.0},{"ts":"2026-02-13T09:40:00Z","o":66820.5,"h":66875.1,"l":66772.3,"c":66822.6,"v":1143305.0},{"ts":"2026-02-13T09:45:00Z","o":66822.6,"h":67041.7,"l":66821.2,"c":66974.1,"v":3245343.0},{"ts":"2026-02-13T09:50:00Z","o":66974.1,"h":66998.1,"l":66907.9,"c":66928.2,"v":1487697.0},{"ts":"2026-02-13T09:55:00Z","o":66928.2,"h":66957.1,"l":66891.1,"c":66924.3,"v":952621.0},{"ts":"2026-02-13T10:00:00Z","o":66924.3,"h":66936.0,"l":66818.2,"c":66823.3,"v":1423403.0},{"ts":"2026-02-13T10:05:00Z","o":66823.3,"h":66880.7,"l":66789.7,"c":66800.0,"v":3069222.0},{"ts":"2026-02-13T10:10:00Z","o":66800.0,"h":66879.2,"l":66800.0,"c":66873.3,"v":966197.0},{"ts":"2026-02-13T10:15:00Z","o":66873.3,"h":67064.0,"l":66860.0,"c":66970.2,"v":2171965.0},{"ts":"2026-02-13T10:20:00Z","o":66970.2,"h":66970.3,"l":66765.5,"c":66797.0,"v":1827940.0},{"ts":"2026-02-13T10:25:00Z","o":66797.0,"h":66888.0,"l":66788.6,"c":66882.0,"v":1249252.0},{"ts":"2026-02-13T10:30:00Z","o":66882.0,"h":66988.0,"l":66810.0,"c":66940.4,"v":1683061.0},{"ts":"2026-02-13T10:35:00Z","o":66940.4,"h":67016.2,"l":66914.7,"c":66917.2,"v":2767064.0},{"ts":"2026-02-13T10:40:00Z","o":66917.2,"h":67086.5,"l":66907.9,"c":66993.2,"v":2323268.0},{"ts":"2026-02-13T10:45:00Z","o":66993.2,"h":67022.0,"l":66933.9,"c":66999.9,"v":1453400.0},{"ts":"2026-02-13T10:50:00Z","o":66999.9,"h":67058.4,"l":66946.6,"c":67000.6,"v":1218225.0},{"ts":"2026-02-13T10:55:00Z","o":67000.6,"h":67023.0,"l":66937.5,"c":66940.0,"v":991509.0},{"ts":"2026-02-13T11:00:00Z","o":66940.0,"h":66949.4,"l":66819.5,"c":66899.6,"v":2003109.0},{"ts":"2026-02-13T11:05:00Z","o":66899.6,"h":66999.9,"l":66857.0,"c":66880.0,"v":1394610.0},{"ts":"2026-02-13T11:10:00Z","o":66880.0,"h":66895.3,"l":66809.1,"c":66849.9,"v":1252401.0},{"ts":"2026-02-13T11:15:00Z","o":66849.9,"h":66911.5,"l":66827.5,"c":66900.1,"v":1264351.0},{"ts":"2026-02-13T11:20:00Z","o":66900.1,"h":66937.8,"l":66849.1,"c":66859.1,"v":1175903.0},{"ts":"2026-02-13T11:25:00Z","o":66859.1,"h":66978.3,"l":66856.3,"c":66944.6,"v":1211904.0},{"ts":"2026-02-13T11:30:00Z","o":66944.6,"h":66965.6,"l":66749.1,"c":66818.8,"v":2377706.0},{"ts":"2026-02-13T11:35:00Z","o":66818.8,"h":66969.6,"l":66791.0,"c":66914.7,"v":1111496.0},{"ts":"2026-02-13T11:40:00Z","o":66914.7,"h":66993.5,"l":66898.3,"c":66962.0,"v":1098297.0},{"ts":"2026-02-13T11:45:00Z","o":66962.0,"h":67014.7,"l":66930.3,"c":66976.7,"v":1482621.0},{"ts":"2026-02-13T11:50:00Z","o":66976.7,"h":67034.2,"l":66968.5,"c":67024.6,"v":786353.0},{"ts":"2026-02-13T11:55:00Z","o":67024.6,"h":67195.4,"l":67004.4,"c":67137.4,"v":3054861.0},{"ts":"2026-02-13T12:00:00Z","o":67137.4,"h":67143.2,"l":66974.6,"c":66987.3,"v":2151494.0},{"ts":"2026-02-13T12:05:00Z","o":66987.3,"h":67022.6,"l":66912.0,"c":67004.1,"v":1811874.0},{"ts":"2026-02-13T12:10:00Z","o":67004.1,"h":67055.9,"l":66944.7,"c":66951.7,"v":1164023.0},{"ts":"2026-02-13T12:15:00Z","o":66951.7,"h":67009.5,"l":66887.0,"c":66973.2,"v":1453616.0},{"ts":"2026-02-13T12:20:00Z","o":66973.2,"h":67040.0,"l":66959.9,"c":66977.5,"v":1269032.0},{"ts":"2026-02-13T12:25:00Z","o":66977.5,"h":67091.2,"l":66966.0,"c":67060.1,"v":1057339.0},{"ts":"2026-02-13T12:30:00Z","o":67060.1,"h":67074.8,"l":67012.2,"c":67023.1,"v":807986.0},{"ts":"2026-02-13T12:35:00Z","o":67023.1,"h":67103.1,"l":67001.3,"c":67041.0,"v":1112900.0},{"ts":"2026-02-13T12:40:00Z","o":67041.0,"h":67097.9,"l":67025.2,"c":67057.3,"v":738186.0},{"ts":"2026-02-13T12:45:00Z","o":67057.3,"h":67078.5,"l":66972.1,"c":67073.4,"v":1893712.0},{"ts":"2026-02-13T12:50:00Z","o":67073.4,"h":67180.0,"l":67007.3,"c":67179.9,"v":1744892.0},{"ts":"2026-02-13T12:55:00Z","o":67179.9,"h":67180.9,"l":67030.0,"c":67050.0,"v":1981809.0},{"ts":"2026-02-13T13:00:00Z","o":67050.0,"h":67155.4,"l":67047.9,"c":67111.6,"v":1038824.0},{"ts":"2026-02-13T13:05:00Z","o":67111.6,"h":67123.2,"l":66907.9,"c":66947.3,"v":2228748.0},{"ts":"2026-02-13T13:10:00Z","o":66947.3,"h":66983.0,"l":66913.3,"c":66939.6,"v":1895045.0},{"ts":"2026-02-13T13:15:00Z","o":66939.6,"h":67083.0,"l":66939.6,"c":67059.9,"v":2040126.0},{"ts":"2026-02-13T13:20:00Z","o":67059.9,"h":67246.2,"l":66984.2,"c":67200.0,"v":2907522.0},{"ts":"2026-02-13T13:25:00Z","o":67200.0,"h":67382.9,"l":67194.4,"c":67304.4,"v":4865116.0},{"ts":"2026-02-13T13:30:00Z","o":67304.4,"h":67595.8,"l":67286.3,"c":67479.8,"v":11683941.0},{"ts":"2026-02-13T13:35:00Z","o":67479.8,"h":67479.8,"l":67206.5,"c":67270.9,"v":4407349.0},{"ts":"2026-02-13T13:40:00Z","o":67270.9,"h":67360.9,"l":67163.1,"c":67292.9,"v":3249423.0},{"ts":"2026-02-13T13:45:00Z","o":67292.9,"h":67316.3,"l":67079.1,"c":67250.7,"v":4687159.0},{"ts":"2026-02-13T13:50:00Z","o":67250.7,"h":67381.5,"l":67228.6,"c":67320.1,"v":3610353.0},{"ts":"2026-02-13T13:55:00Z","o":67320.1,"h":67387.7,"l":67235.6,"c":67238.1,"v":1931409.0},{"ts":"2026-02-13T14:00:00Z","o":67238.1,"h":67280.1,"l":67115.4,"c":67138.7,"v":2049558.0},{"ts":"2026-02-13T14:05:00Z","o":67138.7,"h":67229.8,"l":67094.4,"c":67193.0,"v":1595261.0},{"ts":"2026-02-13T14:10:00Z","o":67193.0,"h":67276.2,"l":67111.7,"c":67127.5,"v":1741317.0},{"ts":"2026-02-13T14:15:00Z","o":67127.5,"h":67336.7,"l":67127.5,"c":67299.1,"v":1939794.0},{"ts":"2026-02-13T14:20:00Z","o":67299.1,"h":67309.4,"l":67192.0,"c":67194.2,"v":1297294.0},{"ts":"2026-02-13T14:25:00Z","o":67194.2,"h":67368.8,"l":67161.4,"c":67284.0,"v":1814574.0},{"ts":"2026-02-13T14:30:00Z","o":67284.0,"h":67557.4,"l":67172.7,"c":67510.1,"v":5192216.0},{"ts":"2026-02-13T14:35:00Z","o":67510.1,"h":67556.1,"l":67264.7,"c":67347.4,"v":5623800.0},{"ts":"2026-02-13T14:40:00Z","o":67347.4,"h":67358.9,"l":66833.9,"c":67301.0,"v":9879066.0},{"ts":"2026-02-13T14:45:00Z","o":67301.0,"h":68000.0,"l":67301.0,"c":67844.1,"v":13151778.0},{"ts":"2026-02-13T14:50:00Z","o":67844.1,"h":67925.5,"l":67584.3,"c":67654.0,"v":7710092.0},{"ts":"2026-02-13T14:55:00Z","o":67654.0,"h":67829.3,"l":67600.0,"c":67680.4,"v":3775565.0}],"15m":[{"ts":"2026-02-12T19:00:00Z","o":65559.4,"h":65720.0,"l":65235.5,"c":65416.8,"v":6533720.0},{"ts":"2026-02-12T19:15:00Z","o":65416.8,"h":65932.7,"l":65382.6,"c":65745.1,"v":7706996.0},{"ts":"2026-02-12T19:30:00Z","o":65745.1,"h":66076.1,"l":65728.4,"c":65948.6,"v":7301165.0},{"ts":"2026-02-12T19:45:00Z","o":65948.6,"h":66088.0,"l":65743.4,"c":65760.8,"v":5417969.0},{"ts":"2026-02-12T20:00:00Z","o":65760.8,"h":66008.7,"l":65576.2,"c":65677.7,"v":7027791.0},{"ts":"2026-02-12T20:15:00Z","o":65677.7,"h":65782.6,"l":65451.5,"c":65477.0,"v":4261713.0},{"ts":"2026-02-12T20:30:00Z","o":65477.0,"h":65655.9,"l":65370.0,"c":65517.6,"v":5123423.0},{"ts":"2026-02-12T20:45:00Z","o":65517.6,"h":65563.7,"l":65184.4,"c":65395.2,"v":8069038.0},{"ts":"2026-02-12T21:00:00Z","o":65395.2,"h":65643.3,"l":65395.2,"c":65640.2,"v":5258266.0},{"ts":"2026-02-12T21:15:00Z","o":65640.2,"h":65770.0,"l":65445.0,"c":65575.7,"v":5823486.0},{"ts":"2026-02-12T21:30:00Z","o":65575.7,"h":65819.5,"l":65550.1,"c":65788.5,"v":4866212.0},{"ts":"2026-02-12T21:45:00Z","o":65788.5,"h":65873.3,"l":65706.4,"c":65816.8,"v":2810797.0},{"ts":"2026-02-12T22:00:00Z","o":65816.8,"h":65861.6,"l":65715.0,"c":65788.9,"v":3423072.0},{"ts":"2026-02-12T22:15:00Z","o":65788.9,"h":65927.3,"l":65615.0,"c":65927.3,"v":4459347.0},{"ts":"2026-02-12T22:30:00Z","o":65927.3,"h":66176.9,"l":65850.8,"c":66168.1,"v":5300581.0},{"ts":"2026-02-12T22:45:00Z","o":66168.1,"h":66380.0,"l":66160.0,"c":66262.3,"v":6674619.0},{"ts":"2026-02-12T23:00:00Z","o":66262.3,"h":66444.0,"l":66173.2,"c":66286.0,"v":5893589.0},{"ts":"2026-02-12T23:15:00Z","o":66286.0,"h":66458.1,"l":66228.2,"c":66366.4,"v":3006050.0},{"ts":"2026-02-12T23:30:00Z","o":66366.4,"h":66456.1,"l":66175.3,"c":66219.9,"v":3842626.0},{"ts":"2026-02-12T23:45:00Z","o":66219.9,"h":66280.2,"l":66135.8,"c":66243.1,"v":3096513.0},{"ts":"2026-02-13T00:00:00Z","o":66243.1,"h":66498.4,"l":66137.9,"c":66341.3,"v":5761410.0},{"ts":"2026-02-13T00:15:00Z","o":66341.3,"h":66347.8,"l":65976.0,"c":66001.8,"v":5952390.0},{"ts":"2026-02-13T00:30:00Z","o":66001.8,"h":66111.5,"l":65870.7,"c":65924.6,"v":7882903.0},{"ts":"2026-02-13T00:45:00Z","o":65924.6,"h":66038.1,"l":65833.9,"c":65881.9,"v":7017403.0},{"ts":"2026-02-13T01:00:00Z","o":65881.9,"h":66250.1,"l":65881.9,"c":66220.0,"v":5203778.0},{"ts":"2026-02-13T01:15:00Z","o":66220.0,"h":66265.0,"l":66052.7,"c":66189.5,"v":4085738.0},{"ts":"2026-02-13T01:30:00Z","o":66189.5,"h":66475.1,"l":66189.5,"c":66383.7,"v":4936633.0},{"ts":"2026-02-13T01:45:00Z","o":66383.7,"h":66587.6,"l":66299.5,"c":66423.5,"v":5365308.0},{"ts":"2026-02-13T02:00:00Z","o":66423.5,"h":66540.0,"l":66352.8,"c":66531.0,"v":3526791.0},{"ts":"2026-02-13T02:15:00Z","o":66531.0,"h":66622.9,"l":66353.8,"c":66494.5,"v":3169626.0},{"ts":"2026-02-13T02:30:00Z","o":66494.5,"h":66600.0,"l":66428.5,"c":66555.1,"v":2315313.0},{"ts":"2026-02-13T02:45:00Z","o":66555.1,"h":66727.2,"l":66510.8,"c":66628.0,"v":3310231.0},{"ts":"2026-02-13T03:00:00Z","o":66628.0,"h":66741.6,"l":66464.0,"c":66481.5,"v":4291177.0},{"ts":"2026-02-13T03:15:00Z","o":66481.5,"h":66647.0,"l":66453.5,"c":66647.0,"v":2315609.0},{"ts":"2026-02-13T03:30:00Z","o":66647.0,"h":66778.0,"l":66585.3,"c":66608.4,"v":2889262.0},{"ts":"2026-02-13T03:45:00Z","o":66608.4,"h":66641.5,"l":66422.9,"c":66519.6,"v":3337421.0},{"ts":"2026-02-13T04:00:00Z","o":66519.6,"h":66562.0,"l":66399.2,"c":66504.9,"v":2987635.0},{"ts":"2026-02-13T04:15:00Z","o":66504.9,"h":66643.9,"l":66418.6,"c":66418.6,"v":3733603.0},{"ts":"2026-02-13T04:30:00Z","o":66418.6,"h":66444.1,"l":66311.0,"c":66334.6,"v":2922439.0},{"ts":"2026-02-13T04:45:00Z","o":66334.6,"h":66413.8,"l":66273.4,"c":66300.0,"v":2905527.0},{"ts":"2026-02-13T05:00:00Z","o":66300.0,"h":66424.5,"l":66190.5,"c":66211.1,"v":3327922.0},{"ts":"2026-02-13T05:15:00Z","o":66211.1,"h":66374.7,"l":66194.4,"c":66292.1,"v":1764146.0},{"ts":"2026-02-13T05:30:00Z","o":66292.1,"h":66444.0,"l":66278.0,"c":66438.0,"v":3037963.0},{"ts":"2026-02-13T05:45:00Z","o":66438.0,"h":66474.4,"l":66151.1,"c":66151.3,"v":2973470.0},{"ts":"2026-02-13T06:00:00Z","o":66151.3,"h":66279.9,"l":66135.1,"c":66202.7,"v":2443914.0},{"ts":"2026-02-13T06:15:00Z","o":66202.7,"h":66268.0,"l":66010.0,"c":66093.5,"v":3630455.0},{"ts":"2026-02-13T06:30:00Z","o":66093.5,"h":66095.5,"l":65973.7,"c":66059.3,"v":2743224.0},{"ts":"2026-02-13T06:45:00Z","o":66059.3,"h":66367.5,"l":66020.2,"c":66330.4,"v":4448575.0},{"ts":"2026-02-13T07:00:00Z","o":66330.4,"h":66543.2,"l":66304.4,"c":66497.5,"v":4368570.0},{"ts":"2026-02-13T07:15:00Z","o":66497.5,"h":66540.1,"l":66385.8,"c":66490.0,"v":3111696.0},{"ts":"2026-02-13T07:30:00Z","o":66490.0,"h":66490.0,"l":66093.8,"c":66094.0,"v":4847355.0},{"ts":"2026-02-13T07:45:00Z","o":66094.0,"h":66300.0,"l":66018.0,"c":66183.2,"v":5205659.0},{"ts":"2026-02-13T08:00:00Z","o":66183.2,"h":66459.6,"l":66159.9,"c":66232.1,"v":4204898.0},{"ts":"2026-02-13T08:15:00Z","o":66232.1,"h":66412.5,"l":66185.8,"c":66382.8,"v":3450830.0},{"ts":"2026-02-13T08:30:00Z","o":66382.8,"h":66511.1,"l":66341.4,"c":66477.0,"v":3843583.0},{"ts":"2026-02-13T08:45:00Z","o":66477.0,"h":66723.0,"l":66476.9,"c":66674.8,"v":6494355.0},{"ts":"2026-02-13T09:00:00Z","o":66674.8,"h":66830.9,"l":66580.0,"c":66653.5,"v":6505857.0},{"ts":"2026-02-13T09:15:00Z","o":66653.5,"h":66809.8,"l":66606.0,"c":66790.1,"v":4319532.0},{"ts":"2026-02-13T09:30:00Z","o":66790.1,"h":66911.2,"l":66743.2,"c":66822.6,"v":5203617.0},{"ts":"2026-02-13T09:45:00Z","o":66822.6,"h":67041.7,"l":66821.2,"c":66924.3,"v":5685661.0},{"ts":"2026-02-13T10:00:00Z","o":66924.3,"h":66936.0,"l":66789.7,"c":66873.3,"v":5458822.0},{"ts":"2026-02-13T10:15:00Z","o":66873.3,"h":67064.0,"l":66765.5,"c":66882.0,"v":5249157.0},{"ts":"2026-02-13T10:30:00Z","o":66882.0,"h":67086.5,"l":66810.0,"c":66993.2,"v":6773393.0},{"ts":"2026-02-13T10:45:00Z","o":66993.2,"h":67058.4,"l":66933.9,"c":66940.0,"v":3663134.0},{"ts":"2026-02-13T11:00:00Z","o":66940.0,"h":66999.9,"l":66809.1,"c":66849.9,"v":4650120.0},{"ts":"2026-02-13T11:15:00Z","o":66849.9,"h":66978.3,"l":66827.5,"c":66944.6,"v":3652158.0},{"ts":"2026-02-13T11:30:00Z","o":66944.6,"h":66993.5,"l":66749.1,"c":66962.0,"v":4587499.0},{"ts":"2026-02-13T11:45:00Z","o":66962.0,"h":67195.4,"l":66930.3,"c":67137.4,"v":5323835.0},{"ts":"2026-02-13T12:00:00Z","o":67137.4,"h":67143.2,"l":66912.0,"c":66951.7,"v":5127391.0},{"ts":"2026-02-13T12:15:00Z","o":66951.7,"h":67091.2,"l":66887.0,"c":67060.1,"v":3779987.0},{"ts":"2026-02-13T12:30:00Z","o":67060.1,"h":67103.1,"l":67001.3,"c":67057.3,"v":2659072.0},{"ts":"2026-02-13T12:45:00Z","o":67057.3,"h":67180.9,"l":66972.1,"c":67050.0,"v":5620413.0},{"ts":"2026-02-13T13:00:00Z","o":67050.0,"h":67155.4,"l":66907.9,"c":66939.6,"v":5162617.0},{"ts":"2026-02-13T13:15:00Z","o":66939.6,"h":67382.9,"l":66939.6,"c":67304.4,"v":9812764.0},{"ts":"2026-02-13T13:30:00Z","o":67304.4,"h":67595.8,"l":67163.1,"c":67292.9,"v":19340713.0},{"ts":"2026-02-13T13:45:00Z","o":67292.9,"h":67387.7,"l":67079.1,"c":67238.1,"v":10228921.0},{"ts":"2026-02-13T14:00:00Z","o":67238.1,"h":67280.1,"l":67094.4,"c":67127.5,"v":5386136.0},{"ts":"2026-02-13T14:15:00Z","o":67127.5,"h":67368.8,"l":67127.5,"c":67284.0,"v":5051662.0},{"ts":"2026-02-13T14:30:00Z","o":67284.0,"h":67557.4,"l":66833.9,"c":67301.0,"v":20695082.0},{"ts":"2026-02-13T14:45:00Z","o":67301.0,"h":68000.0,"l":67301.0,"c":67681.9,"v":24637723.0}]},"features":{"P_used":67688.0,"orderbook":{"topN":20,"bandPct":0.0015,"bidSumTopN":195322.0,"askSumTopN":121499.0,"bidAskRatioTopN":1.6076017086560384,"bestBid":67672.0,"bestAsk":67672.1,"spread":0.10000000000582077,"spreadBps":0.014773667416059089,"nearBand":{"bidCount":20,"askCount":20,"topBidWall":{"price":67667.7,"size":102840.0},"topAskWall":{"price":67672.6,"size":12788.0}}},"orderbookHistory":{"available":true,"bidWall":{"samples":18,"persistRate":0.0,"churnRate":1.0,"sizeCv":0.7000785966107843},"askWall":{"samples":18,"persistRate":0.0,"churnRate":1.0,"sizeCv":0.6760026141430656}},"trades":{"available":true,"buyVol":54390.0,"sellVol":7347.0,"buyCnt":29,"sellCnt":11,"buyVolRatio":0.8809951892706157,"sellVolRatio":0.11900481072938432,"maxTrade":{"price":67681.4,"vol":10760.0,"T":1}},"openInterest":{"available":true,"windowSamples":25,"oiStart":529068153.0,"oiEnd":527045203.0,"oiChange":-2022950.0,"oiChangePct":-0.3823609469837055,"pxStart":67675.4,"pxEnd":67791.9,"pxChangePct":0.17214526992082796,"leverageChaseFlag":false},"context":{"available":true,"range15m":{"hi":68000.0,"lo":66749.1,"pos01":0.745703093772478,"lastClose":67681.9,"meanClose":67093.545},"range5m":{"hi":68000.0,"lo":66749.1,"pos01":0.7445039571508455,"lastClose":67680.4,"meanClose":67091.20000000001}}}}