{"meta":{"exchange":"MEXC","market":"FUTURES","symbol":"BTC_USDT","generated_at":"2026-02-13T13:34:29Z"},"marketInfo":{"priceUnit":0.1,"volUnit":1,"minVol":1,"contractSize":0.0001,"priceScale":1,"volScale":0,"maxLeverage":500},"price":{"ticker":{"contractId":10,"symbol":"BTC_USDT","lastPrice":67495.2,"bid1":67492.1,"ask1":67492.2,"volume24":253709370,"amount24":1688761603.38258,"holdVol":515171184,"lower24Price":65081.1,"high24Price":68381.5,"riseFallRate":0.0058,"riseFallValue":391.7,"indexPrice":67530.84,"fairPrice":67499,"fundingRate":5e-06,"maxBidPrice":74283.9,"minAskPrice":60777.7,"timestamp":1770989669846,"riseFallRates":{"zone":"UTC+8","r":0.0058,"v":391.7,"r7":0.0006,"r30":-0.2773,"r90":-0.3023,"r180":-0.4261,"r365":-0.2951},"riseFallRatesOfTimezone":[-0.0049,0.0189,0.0058]},"funding":{"symbol":"BTC_USDT","fundingRate":5e-06,"maxFundingRate":0.0018,"minFundingRate":-0.0018,"collectCycle":8,"nextSettleTime":1770998400000,"timestamp":1770989670433},"index":{"symbol":"BTC_USDT","indexPrice":67528.6,"timestamp":1770989671038},"fair":{"symbol":"BTC_USDT","fairPrice":67494.9,"timestamp":1770989671565}},"metrics":{"openInterestNow":515171184,"oiHistory":[{"t":1770989675986,"lastPrice":67507,"bid1":67504.2,"ask1":67504.3,"holdVol":522412041,"fundingRate":5e-06,"indexPrice":67539.39,"fairPrice":67518.4},{"t":1770989678579,"lastPrice":67486.6,"bid1":67486.4,"ask1":67486.5,"holdVol":522498028,"fundingRate":5e-06,"indexPrice":67516.03,"fairPrice":67486.5},{"t":1770989681157,"lastPrice":67490.1,"bid1":67490,"ask1":67490.1,"holdVol":522701817,"fundingRate":5e-06,"indexPrice":67523.17,"fairPrice":67491.5},{"t":1770989683762,"lastPrice":67480.4,"bid1":67480.4,"ask1":67480.5,"holdVol":522672336,"fundingRate":5e-06,"indexPrice":67512.86,"fairPrice":67481.3},{"t":1770989686381,"lastPrice":67485.2,"bid1":67485.2,"ask1":67485.3,"holdVol":523019078,"fundingRate":5e-06,"indexPrice":67513.93,"fairPrice":67485.2},{"t":1770989688951,"lastPrice":67485.2,"bid1":67485.2,"ask1":67485.3,"holdVol":522994540,"fundingRate":5e-06,"indexPrice":67517.29,"fairPrice":67490.5},{"t":1770989691823,"lastPrice":67485.2,"bid1":67485.2,"ask1":67485.3,"holdVol":522994473,"fundingRate":5e-06,"indexPrice":67516.08,"fairPrice":67485.2},{"t":1770989694417,"lastPrice":67495.6,"bid1":67493.1,"ask1":67495.6,"holdVol":523006012,"fundingRate":5e-06,"indexPrice":67523.74,"fairPrice":67492.5},{"t":1770989697283,"lastPrice":67485.1,"bid1":67485.1,"ask1":67485.2,"holdVol":522970368,"fundingRate":5e-06,"indexPrice":67520.55,"fairPrice":67489.3},{"t":1770989699790,"lastPrice":67482.9,"bid1":67483,"ask1":67483.4,"holdVol":523213238,"fundingRate":5e-06,"indexPrice":67514.38,"fairPrice":67483.6},{"t":1770989702317,"lastPrice":67474.6,"bid1":67471.9,"ask1":67472.6,"holdVol":523257686,"fundingRate":6e-06,"indexPrice":67508.23,"fairPrice":67478.6},{"t":1770989704861,"lastPrice":67459,"bid1":67456.4,"ask1":67456.5,"holdVol":522395884,"fundingRate":6e-06,"indexPrice":67485.04,"fairPrice":67454.1},{"t":1770989707401,"lastPrice":67459,"bid1":67456.4,"ask1":67456.5,"holdVol":522395884,"fundingRate":6e-06,"indexPrice":67485.04,"fairPrice":67454.1},{"t":1770989710178,"lastPrice":67445,"bid1":67444.9,"ask1":67445,"holdVol":521979504,"fundingRate":6e-06,"indexPrice":67478.19,"fairPrice":67450.3},{"t":1770989712839,"lastPrice":67469.3,"bid1":67469.2,"ask1":67469.3,"holdVol":521998454,"fundingRate":6e-06,"indexPrice":67500.94,"fairPrice":67469.8},{"t":1770989715403,"lastPrice":67430.6,"bid1":67430.6,"ask1":67430.7,"holdVol":522003523,"fundingRate":6e-06,"indexPrice":67465.91,"fairPrice":67438},{"t":1770989717980,"lastPrice":67435.3,"bid1":67435.3,"ask1":67435.4,"holdVol":522097996,"fundingRate":6e-06,"indexPrice":67461.15,"fairPrice":67430.2},{"t":1770989720542,"lastPrice":67430.2,"bid1":67428.1,"ask1":67428.9,"holdVol":522136704,"fundingRate":6e-06,"indexPrice":67462.12,"fairPrice":67431.1},{"t":1770989723100,"lastPrice":67403.3,"bid1":67402.9,"ask1":67403,"holdVol":522182140,"fundingRate":6e-06,"indexPrice":67436.27,"fairPrice":67405.3},{"t":1770989725663,"lastPrice":67392.1,"bid1":67388.7,"ask1":67388.8,"holdVol":522287049,"fundingRate":6e-06,"indexPrice":67422.57,"fairPrice":67392.2},{"t":1770989728284,"lastPrice":67392.1,"bid1":67388.7,"ask1":67388.8,"holdVol":522287049,"fundingRate":6e-06,"indexPrice":67422.57,"fairPrice":67392.2},{"t":1770989730852,"lastPrice":67370.9,"bid1":67370.9,"ask1":67371,"holdVol":522312316,"fundingRate":6e-06,"indexPrice":67395.52,"fairPrice":67363.4},{"t":1770989733429,"lastPrice":67357.7,"bid1":67357.7,"ask1":67357.8,"holdVol":522546556,"fundingRate":6e-06,"indexPrice":67394.03,"fairPrice":67363.3}],"fundingRateNow":5e-06,"fundingRateHistory":{"pageSize":24,"totalCount":1620,"totalPage":68,"currentPage":1,"resultList":[{"symbol":"BTC_USDT","fundingRate":6e-06,"settleTime":1770969600000,"collectCycle":8},{"symbol":"BTC_USDT","fundingRate":5.8e-05,"settleTime":1770940800000,"collectCycle":8},{"symbol":"BTC_USDT","fundingRate":-1.7e-05,"settleTime":1770912000000,"collectCycle":8},{"symbol":"BTC_USDT","fundingRate":3.3e-05,"settleTime":1770883200000,"collectCycle":8},{"symbol":"BTC_USDT","fundingRate":-1.3e-05,"settleTime":1770854400000,"collectCycle":8},{"symbol":"BTC_USDT","fundingRate":-1.2e-05,"settleTime":1770825600000,"collectCycle":8},{"symbol":"BTC_USDT","fundingRate":-8.3e-05,"settleTime":1770796800000,"collectCycle":8},{"symbol":"BTC_USDT","fundingRate":1.3e-05,"settleTime":1770768000000,"collectCycle":8},{"symbol":"BTC_USDT","fundingRate":-8.8e-05,"settleTime":1770739200000,"collectCycle":8},{"symbol":"BTC_USDT","fundingRate":-4.7e-05,"settleTime":1770710400000,"collectCycle":8},{"symbol":"BTC_USDT","fundingRate":-9e-05,"settleTime":1770681600000,"collectCycle":8},{"symbol":"BTC_USDT","fundingRate":-4.2e-05,"settleTime":1770652800000,"collectCycle":8},{"symbol":"BTC_USDT","fundingRate":1.7e-05,"settleTime":1770624000000,"collectCycle":8},{"symbol":"BTC_USDT","fundingRate":-2.9e-05,"settleTime":1770595200000,"collectCycle":8},{"symbol":"BTC_USDT","fundingRate":-4.9e-05,"settleTime":1770566400000,"collectCycle":8},{"symbol":"BTC_USDT","fundingRate":-3.5e-05,"settleTime":1770537600000,"collectCycle":8},{"symbol":"BTC_USDT","fundingRate":-3.4e-05,"settleTime":1770508800000,"collectCycle":8},{"symbol":"BTC_USDT","fundingRate":-3e-05,"settleTime":1770480000000,"collectCycle":8},{"symbol":"BTC_USDT","fundingRate":-8.2e-05,"settleTime":1770451200000,"collectCycle":8},{"symbol":"BTC_USDT","fundingRate":-0.000152,"settleTime":1770422400000,"collectCycle":8},{"symbol":"BTC_USDT","fundingRate":-0.000133,"settleTime":1770393600000,"collectCycle":8},{"symbol":"BTC_USDT","fundingRate":-0.000136,"settleTime":1770364800000,"collectCycle":8},{"symbol":"BTC_USDT","fundingRate":-1.3e-05,"settleTime":1770336000000,"collectCycle":8},{"symbol":"BTC_USDT","fundingRate":-4.9e-05,"settleTime":1770307200000,"collectCycle":8}]}},"orderbook":{"asks":[[67495,50,1],[67495.2,1,1],[67497.4,4,1],[67499,165,1],[67500,14651,2],[67500.1,8218,3],[67500.2,8262,2],[67500.3,3736,1],[67500.4,3490,1],[67500.5,4191,1],[67500.6,4323,1],[67500.7,3630,1],[67500.8,98574,1],[67501.1,3993,1],[67501.2,3420,1],[67501.3,4258,1],[67501.4,3889,1],[67501.5,4131,1],[67501.6,3759,1],[67501.7,4025,1]],"bids":[[67494.9,13084,3],[67494.8,5712,1],[67494.5,4665,1],[67494.3,4092,1],[67494.1,4539,1],[67493.9,4775,1],[67493.8,22224,1],[67493.7,4943,1],[67493.5,6451,2],[67493.3,4368,1],[67493.2,3013,1],[67493.1,6544,2],[67493,2769,1],[67492.9,3039,1],[67492.8,2943,1],[67492.7,2496,1],[67492.6,2518,1],[67492.5,2945,1],[67492.4,7179,2],[67492.3,2880,1]],"version":32451482925,"timestamp":1770989671902},"orderbookHistory":{"depthCommits":[{"asks":[[67540.8,0,0]],"bids":[],"version":32451484245},{"asks":[[67540.9,0,0]],"bids":[],"version":32451484244},{"asks":[[67541,0,0]],"bids":[],"version":32451484243},{"asks":[[67538.1,0,0]],"bids":[],"version":32451484242},{"asks":[],"bids":[[67504.6,11168,2]],"version":32451484241},{"asks":[[67538.5,0,0]],"bids":[],"version":32451484240},{"asks":[[67579.8,0,0]],"bids":[],"version":32451484239},{"asks":[[67538.3,4329,1]],"bids":[],"version":32451484238},{"asks":[[67538.2,3830,1]],"bids":[],"version":32451484237},{"asks":[[67538.1,2623,1]],"bids":[],"version":32451484236},{"asks":[[67532.6,4335,2]],"bids":[],"version":32451484235},{"asks":[[67532,14353,2]],"bids":[],"version":32451484234},{"asks":[[67531.9,0,0]],"bids":[],"version":32451484233},{"asks":[],"bids":[[67362.7,0,0]],"version":32451484232},{"asks":[[67531.9,4058,1]],"bids":[],"version":32451484231},{"asks":[[67531.8,0,0]],"bids":[],"version":32451484230},{"asks":[],"bids":[[67396.4,0,0]],"version":32451484229},{"asks":[[67531.8,3703,1]],"bids":[],"version":32451484228},{"asks":[],"bids":[[67430.2,0,0]],"version":32451484227},{"asks":[],"bids":[[67511.3,11784,3]],"version":32451484226},{"asks":[[67689.2,47422,1]],"bids":[],"version":32451484225},{"asks":[],"bids":[[67511.8,14131,3]],"version":32451484224},{"asks":[],"bids":[[67453.9,5431,1]],"version":32451484223},{"asks":[[67554.8,2963,1]],"bids":[],"version":32451484222},{"asks":[],"bids":[[67494.9,0,0]],"version":32451484221},{"asks":[],"bids":[[67503.8,11168,2]],"version":32451484220},{"asks":[],"bids":[[67514.4,2963,1]],"version":32451484219},{"asks":[[67532.8,103530,3]],"bids":[],"version":32451484218},{"asks":[[67534.9,8449,2]],"bids":[],"version":32451484217},{"asks":[[67534.8,7537,2]],"bids":[],"version":32451484216},{"asks":[[67532.2,8067,2]],"bids":[],"version":32451484215},{"asks":[[67532.1,8087,3]],"bids":[],"version":32451484214},{"asks":[[67532,18503,3]],"bids":[],"version":32451484213},{"asks":[[67541.5,2274,1]],"bids":[],"version":32451484212},{"asks":[[67541.4,2303,2]],"bids":[],"version":32451484211},{"asks":[[67541.3,3015,1]],"bids":[],"version":32451484210},{"asks":[[67541.2,2545,1]],"bids":[],"version":32451484209},{"asks":[[67541.1,2382,1]],"bids":[],"version":32451484208},{"asks":[[67538.8,5724,2]],"bids":[],"version":32451484207},{"asks":[[67538.7,5341,2]],"bids":[],"version":32451484206},{"asks":[[67538.6,5649,2]],"bids":[],"version":32451484205},{"asks":[],"bids":[[67491.1,5712,1]],"version":32451484204},{"asks":[[67520,811233,1]],"bids":[],"version":32451484203},{"asks":[],"bids":[[67510.4,2963,1]],"version":32451484202},{"asks":[],"bids":[[67497.9,0,0]],"version":32451484201},{"asks":[],"bids":[[67518.5,2963,1]],"version":32451484200},{"asks":[],"bids":[[67504.6,5584,1]],"version":32451484199},{"asks":[[67551.7,2963,1]],"bids":[],"version":32451484198},{"asks":[],"bids":[[67474.4,5371,1]],"version":32451484197},{"asks":[],"bids":[[67362.9,608680,1]],"version":32451484196},{"asks":[],"bids":[[67396.6,597535,1]],"version":32451484195},{"asks":[],"bids":[[67430.4,620205,1]],"version":32451484194},{"asks":[],"bids":[[67504.7,11168,2]],"version":32451484193},{"asks":[[67700.4,0,0]],"bids":[],"version":32451484192},{"asks":[],"bids":[[67517.1,2963,1]],"version":32451484191},{"asks":[],"bids":[[67519.9,2963,1]],"version":32451484190},{"asks":[[67666.6,41,5]],"bids":[],"version":32451484189},{"asks":[[67632.8,0,0]],"bids":[],"version":32451484188},{"asks":[[67534.3,3724,1]],"bids":[],"version":32451484187},{"asks":[[67534.2,4096,1]],"bids":[],"version":32451484186}],"polled":{"seconds":60,"stepSec":2.0,"levels":20,"snapshots":[{"timestamp":1770989735474,"version":32451571865,"bids":[[67356,16279,3],[67355.9,3740,1],[67355.8,3643,1],[67355.7,3838,1],[67355.6,4304,1],[67355.5,4063,1],[67355.4,3443,1],[67355.3,14218,3],[67355.2,8537,2],[67355.1,108203,3],[67355,4243,1],[67354.9,13976,3],[67354.8,14030,3],[67354.7,9116,2],[67354.6,15250,4],[67354.5,825,1],[67354.4,7423,3],[67354.3,5116,1],[67353.9,4398,1],[67353.8,3737,1]],"asks":[[67356.1,13513,2],[67356.2,8001,2],[67356.3,8218,2],[67356.4,4364,1],[67356.5,4471,1],[67356.6,4088,1],[67356.7,3864,1],[67356.8,4434,1],[67356.9,103261,2],[67357.2,8697,2],[67357.3,12735,3],[67357.4,13596,3],[67357.5,9086,2],[67357.6,7504,2],[67357.7,8246,2],[67357.8,8070,2],[67357.9,8636,2],[67358,7626,2],[67358.1,8072,2],[67358.2,7529,2]]},{"timestamp":1770989737717,"version":32451574110,"bids":[[67364.4,7682,1],[67364,7670,1],[67363.4,16,1],[67362.6,1482,1],[67361.7,4807,1],[67361.5,4112,1],[67361.3,9381,2],[67361.2,3777,1],[67361.1,5642,2],[67360.9,4321,1],[67360.7,3769,1],[67360.5,3968,1],[67360.3,4902,1],[67360.1,4990,1],[67359.9,4497,1],[67359.7,4508,1],[67359.6,1482,1],[67359.5,3960,1],[67359.3,4239,1],[67359.1,4638,1]],"asks":[[67364.5,11379,2],[67364.6,8861,2],[67364.7,7207,2],[67364.8,4341,1],[67364.9,3814,1],[67365,3880,1],[67365.1,3489,1],[67365.2,4247,1],[67365.3,102526,2],[67365.4,3585,1],[67365.5,4472,1],[67365.6,3554,1],[67365.7,4516,1],[67365.8,4000,1],[67365.9,4380,1],[67366,3919,1],[67366.1,3766,1],[67366.2,4556,1],[67366.3,3777,1],[67366.4,3926,1]]},{"timestamp":1770989740013,"version":32451576485,"bids":[[67364.4,12741,2],[67364.3,7439,2],[67364.2,8666,2],[67364.1,4004,1],[67364,3747,1],[67363.9,4495,1],[67363.5,102250,2],[67363.4,3845,1],[67363.3,3447,1],[67363.2,3976,1],[67363.1,4308,1],[67363,4137,1],[67362.9,4456,1],[67362.8,4329,1],[67362.7,3731,1],[67362.6,4293,1],[67362.5,4240,1],[67362.4,3892,1],[67362.3,3681,1],[67362.2,3671,1]],"asks":[[67364.5,8736,1],[67364.6,3927,1],[67364.7,4603,1],[67364.8,4599,1],[67364.9,4214,1],[67365,3646,1],[67365.1,4407,1],[67365.2,4287,1],[67365.3,102445,2],[67365.4,3842,1],[67365.5,3957,1],[67365.6,4475,1],[67365.7,4049,1],[67365.8,4308,1],[67365.9,4137,1],[67366,4456,1],[67366.1,4329,1],[67366.5,4092,1],[67366.6,13645,5],[67366.9,4600,1]]},{"timestamp":1770989742384,"version":32451579240,"bids":[[67358.1,18914,5],[67358,9885,3],[67357.9,3725,1],[67357.8,4423,1],[67357.7,4053,1],[67357.6,4228,1],[67357.5,3808,1],[67357.4,5767,2],[67357.3,4250,1],[67357.2,102825,2],[67357.1,4250,1],[67357,3580,1],[67356.9,4548,1],[67356.8,3845,1],[67356.7,3513,1],[67356.6,3787,1],[67356.5,4493,1],[67356.4,4449,1],[67356.3,4527,1],[67356.2,3898,1]],"asks":[[67358.2,8210,1],[67358.3,4604,1],[67358.4,3725,1],[67358.5,4423,1],[67358.6,4053,1],[67358.7,4228,1],[67358.8,3808,1],[67358.9,4285,1],[67359,103032,2],[67359.1,4043,1],[67359.2,4250,1],[67359.3,3580,1],[67359.4,4548,1],[67359.5,3845,1],[67359.6,3513,1],[67359.7,3787,1],[67359.8,4493,1],[67359.9,4449,1],[67360,4527,1],[67360.1,3897,1]]},{"timestamp":1770989744636,"version":32451581515,"bids":[[67343.8,6246,1],[67343.7,3415,1],[67343.6,3485,1],[67343.5,4609,1],[67343.4,3923,1],[67343.3,4081,1],[67343.2,3762,1],[67343.1,4455,1],[67343,4365,1],[67342.9,102211,2],[67342.8,4198,1],[67342.7,4076,1],[67342.6,4247,1],[67342.5,4338,1],[67342.4,4442,1],[67342.3,4071,1],[67342.2,3778,1],[67342.1,4510,1],[67342,4549,1],[67341.9,3782,1]],"asks":[[67343.9,767,1],[67346.1,6545,2],[67348.2,1482,1],[67350.1,15322,8],[67350.5,3053,1],[67350.6,3058,1],[67350.7,2515,1],[67350.8,2851,1],[67350.9,2818,1],[67351,2431,1],[67351.1,2336,1],[67351.2,2322,1],[67351.3,2967,1],[67351.4,2439,1],[67351.5,2528,1],[67351.6,2423,1],[67351.7,2509,1],[67351.8,2674,1],[67351.9,4274,2],[67352,2446,1]]},{"timestamp":1770989746686,"version":32451584910,"bids":[[67357.7,9141,4],[67357.6,7206,2],[67357.5,2597,1],[67357.4,6279,2],[67357.3,2950,1],[67357.2,11225,3],[67357.1,2671,1],[67357,6695,2],[67356.9,2894,1],[67356.8,6364,2],[67356.7,2814,1],[67356.6,6384,2],[67356.5,2433,1],[67356.4,7355,2],[67356.3,3920,2],[67356.2,6820,2],[67356.1,2445,1],[67356,7238,2],[67355.9,2943,1],[67355.8,6053,2]],"asks":[[67357.8,414,2],[67358.1,693,1],[67358.9,3,1],[67359.8,6,1],[67361.7,3401,1],[67364.5,12861,2],[67364.6,8056,2],[67364.7,4540,1],[67365,4378,1],[67365.1,3982,1],[67365.2,3558,1],[67365.3,103039,2],[67365.4,4377,1],[67365.5,4143,1],[67365.6,4136,1],[67365.7,3466,1],[67365.8,4058,1],[67365.9,4417,1],[67366,4600,1],[67366.1,4063,1]]},{"timestamp":1770989749147,"version":32451590520,"bids":[[67405.1,8940,1],[67403.8,10004,2],[67399.9,11498,3],[67398.6,5064,1],[67398.5,2669,1],[67398.4,2531,1],[67398.3,2955,1],[67398.2,2566,1],[67398.1,2502,1],[67398,3052,1],[67397.9,2688,1],[67397.8,2899,1],[67397.7,2497,1],[67397.6,2896,1],[67397.5,2959,1],[67397.4,4049,2],[67397.3,3052,1],[67397.2,2684,1],[67397.1,2503,1],[67397,2530,1]],"asks":[[67405.2,1169,2],[67405.3,5922,1],[67405.4,6065,2],[67405.5,3841,1],[67405.7,4361,1],[67405.8,4450,1],[67405.9,3844,1],[67406,3474,1],[67406.1,103313,2],[67406.2,3670,1],[67406.3,3425,1],[67406.4,4157,1],[67406.5,3494,1],[67406.6,4002,1],[67406.7,4284,1],[67406.8,5598,2],[67406.9,4456,1],[67407,4174,1],[67407.1,3668,1],[67407.2,3672,1]]},{"timestamp":1770989751411,"version":32451596995,"bids":[[67415.9,7093,2],[67415.8,3456,1],[67415.7,4187,1],[67415.6,102529,2],[67415.5,8892,2],[67415.4,3992,1],[67415.3,3985,1],[67415.2,3599,1],[67415.1,3960,1],[67415,3991,1],[67413.8,3869,1],[67413.6,4729,1],[67413.4,9002,2],[67413.3,4472,1],[67413.2,8846,2],[67413.1,4094,1],[67413,7444,2],[67412.9,3956,1],[67412.8,7422,2],[67412.7,3869,1]],"asks":[[67416,1,1],[67416.6,10733,1],[67416.7,3618,1],[67416.8,7941,2],[67416.9,3518,1],[67417,4503,1],[67417.1,4063,1],[67417.2,4273,1],[67417.3,4208,1],[67417.4,102531,2],[67417.5,4278,1],[67417.6,3910,1],[67417.7,3702,1],[67417.8,4442,1],[67418,3960,1],[67418.1,3991,1],[67418.2,5421,2],[67418.3,3614,1],[67418.4,4200,1],[67418.5,4043,1]]},{"timestamp":1770989753514,"version":32451599615,"bids":[[67415.9,67,1],[67411.8,8870,1],[67411.7,3944,1],[67411.6,3841,1],[67411.5,4277,1],[67411.4,3488,1],[67411.3,3528,1],[67411.2,3858,1],[67411.1,3556,1],[67411,4139,1],[67410.9,102353,2],[67410.8,3975,1],[67410.7,4187,1],[67410.6,3602,1],[67410.5,4426,1],[67410.4,4529,1],[67410.3,4235,1],[67410.2,4024,1],[67410.1,3451,1],[67410,4575,1]],"asks":[[67416,11625,4],[67417.4,1667,2],[67418.4,4520,4],[67418.5,3136,2],[67418.6,2757,1],[67418.7,2511,1],[67418.8,3816,2],[67418.9,2630,1],[67419,3021,1],[67419.1,2818,1],[67419.2,2998,1],[67419.3,2757,1],[67419.4,2332,1],[67419.5,2568,1],[67419.6,2798,1],[67419.7,2801,1],[67419.8,2507,1],[67419.9,2479,1],[67420,12827,5],[67420.1,2333,1]]},{"timestamp":1770989755811,"version":32451603480,"bids":[[67430.1,4549,1],[67430,4060,1],[67429.9,4139,1],[67429.8,4278,1],[67429.7,4322,1],[67429.6,4088,1],[67429.5,7840,2],[67429.4,4240,1],[67429.3,7809,2],[67429.1,4414,1],[67428.9,4300,1],[67428.7,4910,1],[67428.5,4229,1],[67428.3,4095,1],[67428.1,3742,1],[67427.9,4368,1],[67427.7,4178,1],[67427.5,3946,1],[67427.3,4775,1],[67427.1,4205,1]],"asks":[[67430.2,9609,4],[67430.8,1443,1],[67431.3,1,1],[67431.8,4760,1],[67432,1,1],[67432.1,626,1],[67432.3,9492,1],[67432.4,3922,1],[67432.5,3971,1],[67432.6,4398,1],[67432.7,4230,1],[67432.8,4258,1],[67432.9,4404,1],[67433,3885,1],[67433.1,103732,3],[67433.2,3832,1],[67433.3,4390,1],[67433.4,4589,1],[67433.5,4105,1],[67433.6,4330,1]]},{"timestamp":1770989758156,"version":32451608150,"bids":[[67429.3,7689,1],[67429.2,4256,1],[67429.1,3753,1],[67429,3744,1],[67428.9,3995,1],[67428.8,3794,1],[67428.7,3643,1],[67428.6,3826,1],[67428.5,3988,1],[67428.4,102394,2],[67428.3,4435,1],[67428.2,3921,1],[67428.1,4381,1],[67428,3648,1],[67427.9,4474,1],[67427.8,4332,1],[67427.7,4580,1],[67427.6,3666,1],[67427.5,3481,1],[67427.4,3707,1]],"asks":[[67429.4,16320,7],[67429.5,9306,2],[67429.6,3753,1],[67429.7,3744,1],[67429.8,3995,1],[67429.9,3794,1],[67430,3643,1],[67430.1,3826,1],[67430.2,102666,2],[67430.3,3716,1],[67430.4,4435,1],[67430.5,3921,1],[67430.6,4381,1],[67430.7,3648,1],[67430.8,4474,1],[67430.9,4332,1],[67431,4580,1],[67431.1,3666,1],[67431.2,4963,2],[67431.3,3707,1]]},{"timestamp":1770989760475,"version":32451609630,"bids":[[67433,8421,3],[67432.9,4442,2],[67432.7,4284,1],[67432.5,4025,1],[67432.3,4657,1],[67432.1,4012,1],[67431.9,4863,1],[67431.7,4917,1],[67429.9,4412,1],[67429.8,5063,1],[67429.7,4546,1],[67429.5,26145,2],[67429.3,4197,2],[67429.1,4307,1],[67428.9,6630,2],[67428.8,2349,1],[67428.7,8735,3],[67428.6,2283,1],[67428.5,7964,2],[67428.4,2897,1]],"asks":[[67435.6,4520,4],[67435.7,13371,2],[67435.8,7700,2],[67435.9,8764,2],[67436,4516,1],[67436.1,3551,1],[67436.2,3796,1],[67436.3,5253,2],[67436.4,4074,1],[67436.5,102882,2],[67436.6,3474,2],[67436.7,4331,1],[67436.8,3946,1],[67437.1,3534,1],[67437.3,4138,1],[67437.4,4270,1],[67437.5,4436,1],[67437.6,3443,1],[67437.7,4141,2],[67437.8,5135,2]]},{"timestamp":1770989762731,"version":32451617000,"bids":[[67380,5,1],[67378.8,1,1],[67373.8,25363,3],[67373.7,12642,3],[67373.6,12174,4],[67373.5,4440,1],[67373.4,4266,1],[67373.3,4206,1],[67373.2,3846,2],[67373.1,3559,1],[67373,4159,1],[67372.9,103128,2],[67372.8,3619,1],[67372.7,4091,1],[67372.6,4140,1],[67372.2,3771,1],[67372.1,4079,1],[67372,3477,2],[67371.9,4409,1],[67371.8,4131,1]],"asks":[[67380.1,5468,2],[67380.2,4396,1],[67380.3,4128,1],[67380.4,4984,1],[67380.5,3792,1],[67380.6,4276,1],[67380.7,4983,1],[67381.5,1482,1],[67383.8,3044,1],[67383.9,2306,1],[67384,2841,1],[67384.1,16916,7],[67384.2,2494,1],[67384.3,2642,1],[67384.4,2376,1],[67384.5,2673,1],[67384.6,2756,1],[67384.7,2427,1],[67384.8,2414,1],[67384.9,7371,2]]},{"timestamp":1770989765059,"version":32451619840,"bids":[[67370,4,1],[67368,1,1],[67367.4,38,1],[67364,13492,2],[67363.9,7532,2],[67363.8,7845,2],[67363.4,4013,1],[67363.3,4125,1],[67363.2,3552,1],[67363.1,102605,2],[67363,3647,1],[67362.9,3524,1],[67362.8,3415,1],[67362.7,3486,1],[67362.6,4191,1],[67362.5,3579,1],[67362.4,4191,1],[67362.3,3886,1],[67362.2,3614,1],[67362.1,3884,1]],"asks":[[67370.1,13998,7],[67370.6,9170,4],[67370.7,2704,1],[67370.8,2656,1],[67370.9,2429,1],[67371,3042,1],[67371.4,3057,1],[67371.5,2828,1],[67371.6,3026,1],[67371.7,2447,1],[67371.8,2906,1],[67371.9,2300,1],[67372,2427,1],[67372.1,4394,2],[67372.2,2354,1],[67372.3,2318,1],[67372.4,2419,1],[67372.5,2798,1],[67372.9,2491,1],[67373,2417,1]]},{"timestamp":1770989767492,"version":32451622665,"bids":[[67353.3,9928,1],[67353.2,4204,1],[67353.1,3848,1],[67353,3824,1],[67352.9,4507,1],[67352.8,4495,1],[67352.7,3886,1],[67352.6,3714,1],[67352.5,4511,1],[67352.4,103115,2],[67352.3,3831,1],[67352.2,4165,1],[67352.1,3442,1],[67352,4083,1],[67351.9,4550,1],[67351.8,3765,1],[67351.7,4329,1],[67351.6,4395,1],[67351.5,4415,1],[67351.4,4339,1]],"asks":[[67353.4,9928,1],[67353.5,4204,1],[67353.6,3848,1],[67353.7,3824,1],[67353.8,4507,1],[67353.9,4495,1],[67354,3886,1],[67354.1,3714,1],[67354.2,103300,2],[67354.3,4326,1],[67354.4,3831,1],[67354.5,4165,1],[67354.6,3442,1],[67354.7,4083,1],[67354.8,4550,1],[67354.9,3765,1],[67355,4329,1],[67355.1,4395,1],[67355.2,4415,1],[67355.3,4339,1]]},{"timestamp":1770989769719,"version":32451627250,"bids":[[67367.3,3739,1],[67367.1,4979,1],[67366.9,4133,1],[67366.7,4500,1],[67366.5,4092,1],[67366.3,4440,1],[67366.2,1482,1],[67366.1,4857,1],[67365.9,4219,1],[67365.7,4407,1],[67365.5,3940,1],[67365.3,4482,1],[67364.7,1482,1],[67363.9,26166,2],[67363.7,4626,1],[67363.5,4875,1],[67363.3,8915,3],[67363.2,2798,1],[67363.1,6587,2],[67363,2478,1]],"asks":[[67369,14353,8],[67370,5168,1],[67370.1,13589,2],[67370.2,8916,2],[67370.3,12068,3],[67370.4,3421,1],[67370.5,4554,1],[67370.9,102814,2],[67371,3578,1],[67371.1,4365,1],[67371.2,3617,1],[67371.3,4558,1],[67371.4,3665,1],[67371.5,4210,1],[67371.6,4080,1],[67371.7,4329,1],[67371.8,3753,1],[67371.9,3551,1],[67372,4187,1],[67372.1,3935,1]]},{"timestamp":1770989771963,"version":32451631420,"bids":[[67320.6,6316,1],[67320.5,4119,1],[67320.4,4287,1],[67320.3,4259,1],[67320.2,3438,1],[67320.1,3810,1],[67320,5829,8],[67319.9,3977,1],[67319.8,3751,1],[67319.7,102660,2],[67319.6,4609,1],[67319.5,3791,1],[67319.4,3614,1],[67319.3,4047,1],[67319.2,4383,1],[67319.1,4392,1],[67319,3795,1],[67318.9,4412,1],[67318.8,3542,1],[67318.7,3928,1]],"asks":[[67320.7,5595,1],[67321.8,2969,1],[67323.2,12791,4],[67325.2,2969,1],[67326.6,38403,5],[67326.7,3761,1],[67326.8,4203,1],[67326.9,4487,1],[67327,4022,1],[67327.1,4432,1],[67327.2,4962,1],[67327.3,2735,1],[67327.4,2515,1],[67327.5,5523,2],[67327.6,2714,1],[67327.7,2993,1],[67327.8,2768,1],[67327.9,2538,1],[67328,5883,2],[67328.1,2400,1]]},{"timestamp":1770989774328,"version":32451636605,"bids":[[67281,75168,1],[67280.9,4403,1],[67280.8,4181,1],[67280.7,4251,1],[67280.6,3695,1],[67280.5,4546,1],[67280.4,4445,1],[67280.3,4107,1],[67280.2,4325,1],[67280.1,3590,1],[67280,4582,5],[67279.9,3898,1],[67279.8,3685,1],[67279.7,3645,1],[67279.6,4483,1],[67279.5,3910,1],[67279.4,3662,1],[67279.3,4036,1],[67279.2,12313,3],[67279,13209,3]],"asks":[[67281.9,864,1],[67282,6799,1],[67283.1,2969,1],[67285.4,2969,1],[67286.3,964,1],[67287.1,2969,1],[67288.5,2969,1],[67288.6,2834,1],[67288.7,2899,1],[67288.8,2666,1],[67289,2990,1],[67289.1,2663,1],[67289.2,2947,1],[67289.3,2371,1],[67289.4,2903,1],[67289.5,2997,1],[67289.6,2740,1],[67289.7,2779,1],[67289.8,3068,1],[67289.9,2632,1]]},{"timestamp":1770989776650,"version":32451642325,"bids":[[67307.6,822,1],[67305,9676,1],[67304.9,4070,1],[67304.8,3483,1],[67304.7,4400,1],[67304.6,3598,1],[67304.5,3904,1],[67304.4,4119,1],[67304.3,3829,1],[67304.2,4215,1],[67304.1,102512,2],[67304,3422,1],[67303.9,4264,1],[67303.8,3414,1],[67303.7,4396,1],[67303.6,4183,1],[67303.5,4389,1],[67303.4,4469,1],[67303.3,3540,1],[67303.2,4061,1]],"asks":[[67307.7,21800,7],[67307.8,7326,2],[67307.9,8840,2],[67308,9458,2],[67308.1,4681,1],[67308.2,3715,1],[67308.3,4914,1],[67308.4,4267,1],[67308.5,4612,1],[67308.6,4807,1],[67308.7,4743,1],[67308.8,4325,1],[67308.9,4316,1],[67309,3998,1],[67309.1,4652,1],[67309.2,4338,1],[67309.3,3946,1],[67309.4,4644,2],[67309.5,4544,1],[67309.6,3893,1]]},{"timestamp":1770989779058,"version":32451645920,"bids":[[67305,9821,2],[67304.9,4745,2],[67304.7,1486,1],[67304.3,5221,1],[67304.2,11034,1],[67304.1,4402,1],[67304,3776,1],[67303.9,4540,1],[67303.8,4232,1],[67303.7,3825,1],[67303.6,3826,1],[67303.5,4182,1],[67303.4,4329,1],[67303.3,98861,1],[67303,3871,1],[67302.9,4139,1],[67302.8,3781,1],[67302.7,3900,1],[67302.6,4325,1],[67302.5,4458,1]],"asks":[[67305.1,81052,1],[67305.8,3668,1],[67305.9,4495,1],[67306,4282,1],[67306.1,3591,1],[67306.2,4585,1],[67306.3,3436,1],[67306.4,3526,1],[67306.5,4206,1],[67306.6,4447,1],[67306.7,4433,1],[67306.8,3903,1],[67306.9,8301,2],[67307,8181,2],[67307.1,8417,2],[67307.2,3766,1],[67307.7,4537,1],[67307.8,3830,1],[67307.9,4460,1],[67308.3,4051,1]]},{"timestamp":1770989781070,"version":32451651770,"bids":[[67303,14372,2],[67302.9,14736,3],[67302.8,7789,2],[67302.7,3745,1],[67302.6,3560,1],[67302.5,3627,1],[67302.4,3494,1],[67302.3,3441,1],[67302.2,4356,1],[67302.1,102818,2],[67302,4109,1],[67301.9,3796,1],[67301.8,3681,1],[67301.7,3629,1],[67301.6,4546,1],[67301.5,4610,1],[67301.4,4111,1],[67301.3,3779,1],[67301.2,3969,1],[67301.1,14911,3]],"asks":[[67303.1,9202,1],[67303.2,5882,2],[67303.3,3652,1],[67303.5,4137,1],[67303.6,3745,1],[67303.7,3560,1],[67303.8,3627,1],[67303.9,102357,2],[67304,3441,1],[67304.1,4356,1],[67304.2,3955,1],[67304.3,4109,1],[67304.4,3796,1],[67304.5,3681,1],[67304.6,3629,1],[67304.7,4546,1],[67304.8,11760,4],[67304.9,4111,1],[67305,3779,1],[67305.1,3969,1]]},{"timestamp":1770989783648,"version":32451657290,"bids":[[67283.5,3777,1],[67283.4,1486,1],[67283.3,4830,1],[67283.1,3731,1],[67282.9,3720,1],[67282.7,4589,1],[67282.5,4300,1],[67282.3,4042,1],[67282.1,3986,1],[67280.8,4669,1],[67280.6,4629,1],[67280.4,3790,1],[67280.2,6269,2],[67280.1,22294,1],[67280,4180,5],[67279.8,4288,1],[67279.6,4859,1],[67279.5,2485,1],[67279.4,6929,2],[67279.3,2629,1]],"asks":[[67284.9,916,1],[67286.3,22993,5],[67286.4,14468,3],[67286.5,8745,2],[67286.6,4216,1],[67286.7,4492,1],[67286.8,3938,1],[67286.9,3615,1],[67287,3582,1],[67287.1,98887,1],[67287.4,3909,1],[67287.5,4040,1],[67287.6,4584,1],[67287.7,3647,1],[67287.8,3595,1],[67287.9,4327,1],[67288,3804,1],[67288.1,3604,1],[67288.2,4058,1],[67288.3,4269,1]]},{"timestamp":1770989785874,"version":32451660585,"bids":[[67282.2,185,1],[67282.1,2877,3],[67282,6637,2],[67280.6,5480,1],[67280.5,2345,1],[67280.4,4582,1],[67280.3,4231,1],[67280.2,3961,1],[67280.1,4074,1],[67280,3503,1],[67279.9,3490,1],[67279.8,4322,1],[67279.7,4271,1],[67279.6,7842,2],[67279.5,5020,2],[67279.4,8086,2],[67279.2,4977,1],[67279.1,5480,1],[67279,3962,1],[67278.9,5479,1]],"asks":[[67282.4,8585,1],[67282.5,3721,1],[67282.6,3720,1],[67282.7,4437,1],[67282.8,3565,1],[67282.9,3434,1],[67283,3968,1],[67283.1,4270,1],[67283.2,102727,2],[67283.3,4006,1],[67283.4,4318,1],[67283.5,4191,1],[67283.6,4393,1],[67283.7,4185,1],[67283.8,4353,1],[67283.9,3794,1],[67284,4417,1],[67284.1,3670,1],[67284.2,3850,1],[67284.3,4582,1]]},{"timestamp":1770989787940,"version":32451666735,"bids":[[67289.9,11981,4],[67288.6,4520,4],[67288.5,1486,1],[67287.9,9673,3],[67287.1,5912,2],[67286.9,4521,1],[67286.8,5286,1],[67286.7,3815,1],[67286.5,3960,1],[67286.3,26519,2],[67286.1,4366,1],[67285.9,3836,1],[67285.7,6834,2],[67285.6,3024,1],[67285.5,7183,2],[67285.4,2698,1],[67285.3,6671,2],[67285.2,2662,1],[67285.1,6970,2],[67285,2886,1]],"asks":[[67290,148,1],[67290.8,6,1],[67292.5,14755,2],[67292.6,8719,2],[67292.7,8184,2],[67292.8,4128,1],[67292.9,3526,1],[67293,3972,1],[67293.1,3827,1],[67293.2,4433,1],[67293.3,103079,2],[67293.4,4504,1],[67293.5,3681,1],[67293.6,3748,1],[67293.7,4459,1],[67293.8,4099,1],[67294.2,3428,1],[67294.3,4491,1],[67294.4,3822,1],[67294.5,3962,1]]},{"timestamp":1770989790525,"version":32451672690,"bids":[[67332.1,10334,2],[67332,10334,2],[67331.9,10334,2],[67331.8,10334,2],[67331.7,5167,1],[67331.6,10334,2],[67331.5,10025,2],[67331.4,10334,2],[67331.3,14488,3],[67331.1,14041,3],[67331,11820,3],[67330.9,3693,1],[67330.7,4668,1],[67330.6,10334,2],[67330.5,14191,3],[67330.4,10334,2],[67330.3,9071,2],[67330.2,10334,2],[67330.1,14253,4],[67330,5167,1]],"asks":[[67332.2,6,1],[67335.9,14122,2],[67336,8668,3],[67336.1,7934,2],[67336.2,4370,1],[67336.3,3501,1],[67336.4,3578,1],[67336.5,3802,1],[67336.6,3999,2],[67336.7,102617,2],[67336.8,3474,1],[67336.9,4386,1],[67337,3987,1],[67337.1,3472,1],[67337.2,3566,1],[67337.3,4025,1],[67337.4,4474,1],[67337.8,4522,1],[67337.9,4015,1],[67338,3800,1]]},{"timestamp":1770989792308,"version":32451679570,"bids":[[67322.5,13976,2],[67322.4,3888,1],[67322.3,4480,1],[67322.1,3757,1],[67322,4512,1],[67321.9,3911,1],[67321.8,4422,1],[67321.7,3712,1],[67321.6,103116,2],[67321.5,3492,1],[67321.4,4059,1],[67321.3,4217,1],[67321.2,3841,1],[67321.1,4587,1],[67321,4589,1],[67320.9,3674,1],[67320.8,3697,1],[67320.7,3668,1],[67320.6,3920,1],[67320.5,4510,1]],"asks":[[67322.6,15659,2],[67322.7,3888,1],[67322.8,15014,3],[67322.9,9376,2],[67323,8777,2],[67323.1,3545,1],[67323.2,3752,1],[67323.3,14998,3],[67323.4,108546,3],[67323.5,9669,2],[67323.6,10668,3],[67323.7,3914,1],[67323.8,3698,1],[67323.9,4106,1],[67324,3544,1],[67324.1,4517,1],[67324.2,3680,1],[67324.3,4570,1],[67324.4,3852,1],[67324.5,3920,1]]},{"timestamp":1770989795066,"version":32451684585,"bids":[[67333.5,5494,5],[67332.8,1486,1],[67332.3,3388,1],[67332.2,4176,1],[67332.1,4465,1],[67332,3443,1],[67331.9,4403,1],[67331.8,3933,1],[67331.7,4592,1],[67331.6,4039,1],[67331.5,3947,1],[67331.4,3818,1],[67331.3,5291,2],[67331.2,3609,1],[67331.1,4473,1],[67331,3654,1],[67330.9,3486,1],[67330.8,7267,2],[67330.7,4107,1],[67330.6,8112,2]],"asks":[[67333.6,9048,1],[67333.7,4208,1],[67333.8,4048,1],[67333.9,4249,1],[67334,3627,1],[67334.1,4325,1],[67334.2,4565,1],[67334.3,3896,1],[67334.4,103355,2],[67334.5,3960,1],[67334.6,4217,1],[67334.7,3568,1],[67334.8,3505,1],[67334.9,4176,1],[67335,4465,1],[67335.1,3443,1],[67335.2,4403,1],[67335.3,3933,1],[67335.4,4592,1],[67335.5,4039,1]]}]}},"trades":[{"p":67494.9,"v":8,"T":1,"O":3,"M":1,"t":1770989671576,"i":"13370063473"},{"p":67495,"v":23,"T":1,"O":1,"M":2,"t":1770989671449,"i":"13370063461"},{"p":67494.9,"v":26,"T":2,"O":3,"M":2,"t":1770989671014,"i":"13370063358"},{"p":67494.9,"v":75,"T":2,"O":2,"M":2,"t":1770989670889,"i":"13370063338"},{"p":67495,"v":593,"T":1,"O":3,"M":2,"t":1770989670795,"i":"13370063309"},{"p":67494.9,"v":4277,"T":2,"O":3,"M":2,"t":1770989670559,"i":"13370063271"},{"p":67492.1,"v":67,"T":2,"O":3,"M":2,"t":1770989670005,"i":"13370063198"},{"p":67492.1,"v":68,"T":2,"O":3,"M":2,"t":1770989669880,"i":"13370063182"},{"p":67490.1,"v":1993,"T":1,"O":2,"M":2,"t":1770989669643,"i":"13370063160"},{"p":67495.2,"v":2045,"T":1,"O":3,"M":2,"t":1770989669609,"i":"13370063159"},{"p":67495.2,"v":1468,"T":1,"O":1,"M":2,"t":1770989669514,"i":"13370063139"},{"p":67495.2,"v":5548,"T":1,"O":1,"M":2,"t":1770989669514,"i":"13370063138"},{"p":67495.2,"v":1484,"T":1,"O":1,"M":2,"t":1770989669514,"i":"13370063137"},{"p":67495.2,"v":8180,"T":1,"O":3,"M":2,"t":1770989669514,"i":"13370063136"},{"p":67495.2,"v":134,"T":1,"O":3,"M":2,"t":1770989669464,"i":"13370063133"},{"p":67495.2,"v":250,"T":1,"O":2,"M":2,"t":1770989669311,"i":"13370063121"},{"p":67499,"v":66,"T":2,"O":1,"M":2,"t":1770989669161,"i":"13370063071"},{"p":67499,"v":52,"T":2,"O":1,"M":2,"t":1770989669041,"i":"13370063018"},{"p":67500.1,"v":2924,"T":1,"O":2,"M":2,"t":1770989668827,"i":"13370062994"},{"p":67500.1,"v":77,"T":1,"O":3,"M":2,"t":1770989668825,"i":"13370062993"},{"p":67502.1,"v":145,"T":2,"O":1,"M":2,"t":1770989668547,"i":"13370062950"},{"p":67502.6,"v":308,"T":2,"O":1,"M":2,"t":1770989668180,"i":"13370062884"},{"p":67502.7,"v":357,"T":2,"O":1,"M":2,"t":1770989668180,"i":"13370062883"},{"p":67502.8,"v":3735,"T":1,"O":1,"M":2,"t":1770989668135,"i":"13370062871"},{"p":67502.8,"v":10,"T":1,"O":3,"M":1,"t":1770989668077,"i":"13370062860"},{"p":67502.7,"v":124,"T":2,"O":1,"M":2,"t":1770989667911,"i":"13370062845"},{"p":67502.8,"v":63,"T":1,"O":1,"M":2,"t":1770989667869,"i":"13370062841"},{"p":67502.8,"v":899,"T":1,"O":1,"M":2,"t":1770989667869,"i":"13370062840"},{"p":67502.7,"v":3773,"T":2,"O":3,"M":2,"t":1770989667739,"i":"13370062833"},{"p":67502.8,"v":10801,"T":2,"O":2,"M":2,"t":1770989667739,"i":"13370062832"},{"p":67502.9,"v":5,"T":1,"O":3,"M":2,"t":1770989667715,"i":"13370062831"},{"p":67502.9,"v":30,"T":1,"O":3,"M":2,"t":1770989667649,"i":"13370062827"},{"p":67502.8,"v":7,"T":1,"O":3,"M":1,"t":1770989667582,"i":"13370062821"},{"p":67502.9,"v":30,"T":1,"O":2,"M":2,"t":1770989667545,"i":"13370062808"},{"p":67503.5,"v":321,"T":2,"O":2,"M":2,"t":1770989667380,"i":"13370062803"},{"p":67500.9,"v":233,"T":1,"O":1,"M":2,"t":1770989667134,"i":"13370062743"},{"p":67500,"v":152,"T":1,"O":1,"M":2,"t":1770989667134,"i":"13370062742"},{"p":67500,"v":1,"T":1,"O":3,"M":1,"t":1770989667077,"i":"13370062731"},{"p":67499.9,"v":139,"T":2,"O":3,"M":2,"t":1770989667066,"i":"13370062730"},{"p":67498.6,"v":2,"T":2,"O":2,"M":2,"t":1770989666738,"i":"13370062716"},{"p":67499.9,"v":521,"T":1,"O":1,"M":2,"t":1770989666714,"i":"13370062714"},{"p":67499,"v":1484,"T":1,"O":1,"M":2,"t":1770989666714,"i":"13370062713"},{"p":67498.1,"v":39,"T":2,"O":3,"M":2,"t":1770989666506,"i":"13370062684"},{"p":67502,"v":253,"T":1,"O":3,"M":2,"t":1770989666504,"i":"13370062683"},{"p":67500.4,"v":3,"T":1,"O":3,"M":2,"t":1770989666503,"i":"13370062682"},{"p":67500.1,"v":1000,"T":1,"O":3,"M":2,"t":1770989666503,"i":"13370062681"},{"p":67500,"v":307,"T":1,"O":3,"M":2,"t":1770989666503,"i":"13370062680"},{"p":67500,"v":506,"T":1,"O":3,"M":2,"t":1770989666503,"i":"13370062679"},{"p":67500,"v":2,"T":1,"O":3,"M":2,"t":1770989666503,"i":"13370062678"},{"p":67500,"v":2,"T":1,"O":2,"M":2,"t":1770989666503,"i":"13370062677"},{"p":67500,"v":5,"T":1,"O":2,"M":2,"t":1770989666503,"i":"13370062676"},{"p":67500,"v":3731,"T":1,"O":3,"M":2,"t":1770989666503,"i":"13370062675"},{"p":67500,"v":282,"T":1,"O":3,"M":2,"t":1770989666479,"i":"13370062673"},{"p":67498.2,"v":1843,"T":1,"O":3,"M":2,"t":1770989666478,"i":"13370062672"},{"p":67498.2,"v":145,"T":1,"O":1,"M":2,"t":1770989666475,"i":"13370062670"},{"p":67498.2,"v":225,"T":1,"O":3,"M":2,"t":1770989666330,"i":"13370062667"},{"p":67497.8,"v":210,"T":1,"O":1,"M":2,"t":1770989666249,"i":"13370062649"},{"p":67497.4,"v":14,"T":2,"O":1,"M":2,"t":1770989666233,"i":"13370062646"},{"p":67497.7,"v":8,"T":2,"O":3,"M":1,"t":1770989666077,"i":"13370062555"},{"p":67498.2,"v":787,"T":1,"O":3,"M":2,"t":1770989665981,"i":"13370062547"},{"p":67497.8,"v":87,"T":1,"O":3,"M":2,"t":1770989665981,"i":"13370062546"},{"p":67497.8,"v":858,"T":1,"O":1,"M":2,"t":1770989665477,"i":"13370062499"},{"p":67497.8,"v":539,"T":1,"O":3,"M":2,"t":1770989665474,"i":"13370062498"},{"p":67497.8,"v":5,"T":1,"O":3,"M":2,"t":1770989665474,"i":"13370062497"},{"p":67497.7,"v":2,"T":2,"O":3,"M":2,"t":1770989665415,"i":"13370062492"},{"p":67497.8,"v":1,"T":1,"O":1,"M":2,"t":1770989665261,"i":"13370062444"},{"p":67490,"v":2864,"T":1,"O":1,"M":2,"t":1770989665057,"i":"13370062353"},{"p":67489.6,"v":1484,"T":1,"O":1,"M":2,"t":1770989665057,"i":"13370062352"},{"p":67496.3,"v":3956,"T":1,"O":1,"M":2,"t":1770989664511,"i":"13370062288"},{"p":67496,"v":1,"T":1,"O":1,"M":2,"t":1770989664511,"i":"13370062287"},{"p":67495.5,"v":1484,"T":1,"O":1,"M":2,"t":1770989664511,"i":"13370062286"},{"p":67494.5,"v":6,"T":1,"O":3,"M":2,"t":1770989664511,"i":"13370062285"},{"p":67492.9,"v":1484,"T":1,"O":1,"M":2,"t":1770989664511,"i":"13370062284"},{"p":67492.6,"v":6,"T":1,"O":3,"M":2,"t":1770989664511,"i":"13370062283"},{"p":67492.2,"v":415,"T":1,"O":1,"M":2,"t":1770989664511,"i":"13370062282"},{"p":67491,"v":63,"T":1,"O":1,"M":2,"t":1770989664511,"i":"13370062281"},{"p":67491,"v":853,"T":1,"O":1,"M":2,"t":1770989664511,"i":"13370062280"},{"p":67490.1,"v":13,"T":1,"O":3,"M":2,"t":1770989664511,"i":"13370062279"},{"p":67489,"v":1484,"T":1,"O":3,"M":2,"t":1770989664450,"i":"13370062271"},{"p":67488.9,"v":2,"T":1,"O":3,"M":2,"t":1770989664450,"i":"13370062270"},{"p":67488.1,"v":661,"T":2,"O":3,"M":2,"t":1770989664376,"i":"13370062257"},{"p":67488.2,"v":203,"T":1,"O":3,"M":2,"t":1770989664330,"i":"13370062240"},{"p":67487,"v":6,"T":1,"O":3,"M":2,"t":1770989664330,"i":"13370062239"},{"p":67485.8,"v":38,"T":1,"O":3,"M":2,"t":1770989664330,"i":"13370062238"},{"p":67484.4,"v":1,"T":1,"O":1,"M":2,"t":1770989664330,"i":"13370062237"},{"p":67484,"v":6,"T":1,"O":1,"M":2,"t":1770989664330,"i":"13370062236"},{"p":67483.9,"v":1,"T":1,"O":1,"M":2,"t":1770989664330,"i":"13370062235"},{"p":67481.2,"v":1,"T":1,"O":2,"M":2,"t":1770989664318,"i":"13370062234"},{"p":67481.1,"v":4543,"T":2,"O":3,"M":2,"t":1770989664109,"i":"13370062142"},{"p":67480.4,"v":1232,"T":1,"O":3,"M":2,"t":1770989663993,"i":"13370062058"},{"p":67480,"v":2,"T":1,"O":3,"M":2,"t":1770989663993,"i":"13370062057"},{"p":67480,"v":5,"T":1,"O":2,"M":2,"t":1770989663993,"i":"13370062056"},{"p":67480,"v":1,"T":1,"O":3,"M":2,"t":1770989663993,"i":"13370062055"},{"p":67479.9,"v":7,"T":1,"O":1,"M":2,"t":1770989663863,"i":"13370062047"},{"p":67472.8,"v":403,"T":1,"O":3,"M":2,"t":1770989663556,"i":"13370062019"},{"p":67472.8,"v":317,"T":1,"O":1,"M":2,"t":1770989663232,"i":"13370061975"},{"p":67472.7,"v":173,"T":2,"O":1,"M":2,"t":1770989663205,"i":"13370061963"},{"p":67472.7,"v":683,"T":2,"O":1,"M":2,"t":1770989663205,"i":"13370061962"},{"p":67472.8,"v":6,"T":1,"O":3,"M":1,"t":1770989663080,"i":"13370061922"},{"p":67472.8,"v":3,"T":1,"O":3,"M":1,"t":1770989663078,"i":"13370061919"}],"klines":{"1m":[{"ts":"2026-02-13T09:35:00Z","o":66873.1,"h":66873.1,"l":66829.7,"c":66837.5,"v":210741.0},{"ts":"2026-02-13T09:36:00Z","o":66837.5,"h":66882.1,"l":66837.5,"c":66882.1,"v":349319.0},{"ts":"2026-02-13T09:37:00Z","o":66882.1,"h":66911.2,"l":66794.6,"c":66817.4,"v":878995.0},{"ts":"2026-02-13T09:38:00Z","o":66817.4,"h":66845.7,"l":66789.9,"c":66792.9,"v":323880.0},{"ts":"2026-02-13T09:39:00Z","o":66792.9,"h":66848.1,"l":66792.8,"c":66820.5,"v":175304.0},{"ts":"2026-02-13T09:40:00Z","o":66820.5,"h":66829.9,"l":66772.3,"c":66784.5,"v":206051.0},{"ts":"2026-02-13T09:41:00Z","o":66784.5,"h":66840.5,"l":66784.5,"c":66824.7,"v":357521.0},{"ts":"2026-02-13T09:42:00Z","o":66824.7,"h":66875.1,"l":66824.6,"c":66868.7,"v":200015.0},{"ts":"2026-02-13T09:43:00Z","o":66868.7,"h":66874.2,"l":66834.8,"c":66847.3,"v":169589.0},{"ts":"2026-02-13T09:44:00Z","o":66847.3,"h":66875.0,"l":66803.4,"c":66822.6,"v":210129.0},{"ts":"2026-02-13T09:45:00Z","o":66822.6,"h":66887.8,"l":66821.2,"c":66887.7,"v":305753.0},{"ts":"2026-02-13T09:46:00Z","o":66887.7,"h":66948.9,"l":66887.7,"c":66948.8,"v":725760.0},{"ts":"2026-02-13T09:47:00Z","o":66948.8,"h":66986.0,"l":66921.7,"c":66978.1,"v":693451.0},{"ts":"2026-02-13T09:48:00Z","o":66978.1,"h":67041.7,"l":66963.6,"c":66964.9,"v":1207107.0},{"ts":"2026-02-13T09:49:00Z","o":66964.9,"h":67004.0,"l":66951.4,"c":66974.1,"v":313272.0},{"ts":"2026-02-13T09:50:00Z","o":66974.1,"h":66974.9,"l":66937.5,"c":66940.1,"v":323703.0},{"ts":"2026-02-13T09:51:00Z","o":66940.1,"h":66998.1,"l":66936.9,"c":66970.9,"v":419067.0},{"ts":"2026-02-13T09:52:00Z","o":66970.9,"h":66975.7,"l":66907.9,"c":66940.0,"v":393455.0},{"ts":"2026-02-13T09:53:00Z","o":66940.0,"h":66961.8,"l":66916.3,"c":66950.0,"v":229619.0},{"ts":"2026-02-13T09:54:00Z","o":66950.0,"h":66977.1,"l":66928.1,"c":66928.2,"v":121853.0},{"ts":"2026-02-13T09:55:00Z","o":66928.2,"h":66957.1,"l":66917.8,"c":66931.0,"v":260310.0},{"ts":"2026-02-13T09:56:00Z","o":66931.0,"h":66933.2,"l":66908.0,"c":66915.1,"v":203976.0},{"ts":"2026-02-13T09:57:00Z","o":66915.1,"h":66937.0,"l":66915.1,"c":66923.1,"v":160574.0},{"ts":"2026-02-13T09:58:00Z","o":66923.1,"h":66926.9,"l":66891.1,"c":66902.2,"v":200341.0},{"ts":"2026-02-13T09:59:00Z","o":66902.2,"h":66940.3,"l":66902.2,"c":66924.3,"v":127420.0},{"ts":"2026-02-13T10:00:00Z","o":66924.3,"h":66936.0,"l":66904.6,"c":66933.1,"v":149171.0},{"ts":"2026-02-13T10:01:00Z","o":66933.1,"h":66933.1,"l":66833.6,"c":66846.5,"v":450939.0},{"ts":"2026-02-13T10:02:00Z","o":66846.5,"h":66891.5,"l":66846.2,"c":66885.7,"v":257075.0},{"ts":"2026-02-13T10:03:00Z","o":66885.7,"h":66888.4,"l":66862.5,"c":66888.3,"v":160111.0},{"ts":"2026-02-13T10:04:00Z","o":66888.3,"h":66900.0,"l":66818.2,"c":66823.3,"v":406107.0},{"ts":"2026-02-13T10:05:00Z","o":66823.3,"h":66836.8,"l":66801.8,"c":66801.8,"v":405076.0},{"ts":"2026-02-13T10:06:00Z","o":66801.8,"h":66832.8,"l":66789.7,"c":66832.8,"v":1521486.0},{"ts":"2026-02-13T10:07:00Z","o":66832.8,"h":66880.7,"l":66818.3,"c":66818.3,"v":848047.0},{"ts":"2026-02-13T10:08:00Z","o":66818.3,"h":66830.2,"l":66799.8,"c":66805.5,"v":166758.0},{"ts":"2026-02-13T10:09:00Z","o":66805.5,"h":66830.0,"l":66795.0,"c":66800.0,"v":127855.0},{"ts":"2026-02-13T10:10:00Z","o":66800.0,"h":66841.5,"l":66800.0,"c":66816.0,"v":80957.0},{"ts":"2026-02-13T10:11:00Z","o":66816.0,"h":66872.0,"l":66815.9,"c":66871.9,"v":237558.0},{"ts":"2026-02-13T10:12:00Z","o":66871.9,"h":66879.2,"l":66850.0,"c":66865.0,"v":338369.0},{"ts":"2026-02-13T10:13:00Z","o":66865.0,"h":66870.0,"l":66821.0,"c":66823.9,"v":168787.0},{"ts":"2026-02-13T10:14:00Z","o":66823.9,"h":66875.4,"l":66813.8,"c":66873.3,"v":140526.0},{"ts":"2026-02-13T10:15:00Z","o":66873.3,"h":66914.0,"l":66860.0,"c":66914.0,"v":248275.0},{"ts":"2026-02-13T10:16:00Z","o":66914.0,"h":66934.5,"l":66891.4,"c":66934.5,"v":354690.0},{"ts":"2026-02-13T10:17:00Z","o":66934.5,"h":66934.5,"l":66895.2,"c":66928.7,"v":227037.0},{"ts":"2026-02-13T10:18:00Z","o":66928.7,"h":66991.6,"l":66927.9,"c":66989.4,"v":434754.0},{"ts":"2026-02-13T10:19:00Z","o":66989.4,"h":67064.0,"l":66966.1,"c":66970.2,"v":907209.0},{"ts":"2026-02-13T10:20:00Z","o":66970.2,"h":66970.3,"l":66882.4,"c":66899.8,"v":409983.0},{"ts":"2026-02-13T10:21:00Z","o":66899.8,"h":66899.8,"l":66857.3,"c":66875.5,"v":467725.0},{"ts":"2026-02-13T10:22:00Z","o":66875.5,"h":66877.8,"l":66847.9,"c":66847.9,"v":266173.0},{"ts":"2026-02-13T10:23:00Z","o":66847.9,"h":66849.3,"l":66793.8,"c":66797.4,"v":245224.0},{"ts":"2026-02-13T10:24:00Z","o":66797.4,"h":66802.1,"l":66765.5,"c":66797.0,"v":438835.0},{"ts":"2026-02-13T10:25:00Z","o":66797.0,"h":66828.4,"l":66788.6,"c":66828.1,"v":338075.0},{"ts":"2026-02-13T10:26:00Z","o":66828.1,"h":66849.9,"l":66821.8,"c":66844.3,"v":396742.0},{"ts":"2026-02-13T10:27:00Z","o":66844.3,"h":66854.5,"l":66836.9,"c":66844.6,"v":187076.0},{"ts":"2026-02-13T10:28:00Z","o":66844.6,"h":66871.9,"l":66841.4,"c":66843.4,"v":132386.0},{"ts":"2026-02-13T10:29:00Z","o":66843.4,"h":66888.0,"l":66843.3,"c":66882.0,"v":194973.0},{"ts":"2026-02-13T10:30:00Z","o":66882.0,"h":66914.9,"l":66872.4,"c":66882.0,"v":254839.0},{"ts":"2026-02-13T10:31:00Z","o":66882.0,"h":66900.1,"l":66822.7,"c":66840.9,"v":399187.0},{"ts":"2026-02-13T10:32:00Z","o":66840.9,"h":66850.0,"l":66810.0,"c":66826.8,"v":163690.0},{"ts":"2026-02-13T10:33:00Z","o":66826.8,"h":66910.8,"l":66824.1,"c":66908.1,"v":262199.0},{"ts":"2026-02-13T10:34:00Z","o":66908.1,"h":66988.0,"l":66908.1,"c":66940.4,"v":603146.0},{"ts":"2026-02-13T10:35:00Z","o":66940.4,"h":66967.9,"l":66931.1,"c":66965.1,"v":630306.0},{"ts":"2026-02-13T10:36:00Z","o":66965.1,"h":66965.1,"l":66914.7,"c":66952.5,"v":277217.0},{"ts":"2026-02-13T10:37:00Z","o":66952.5,"h":67006.7,"l":66946.7,"c":66992.4,"v":276743.0},{"ts":"2026-02-13T10:38:00Z","o":66992.4,"h":67016.2,"l":66972.3,"c":66972.3,"v":539717.0},{"ts":"2026-02-13T10:39:00Z","o":66972.3,"h":66985.1,"l":66916.5,"c":66917.2,"v":1043081.0},{"ts":"2026-02-13T10:40:00Z","o":66917.2,"h":66950.9,"l":66907.9,"c":66950.9,"v":290000.0},{"ts":"2026-02-13T10:41:00Z","o":66950.9,"h":67020.1,"l":66950.8,"c":67013.1,"v":395382.0},{"ts":"2026-02-13T10:42:00Z","o":67013.1,"h":67034.4,"l":66991.5,"c":67029.7,"v":421729.0},{"ts":"2026-02-13T10:43:00Z","o":67029.7,"h":67086.5,"l":67013.2,"c":67036.5,"v":770729.0},{"ts":"2026-02-13T10:44:00Z","o":67036.5,"h":67036.5,"l":66973.2,"c":66993.2,"v":445428.0},{"ts":"2026-02-13T10:45:00Z","o":66993.2,"h":67010.0,"l":66954.0,"c":66954.3,"v":454433.0},{"ts":"2026-02-13T10:46:00Z","o":66954.3,"h":67003.8,"l":66933.9,"c":66998.2,"v":338307.0},{"ts":"2026-02-13T10:47:00Z","o":66998.2,"h":67022.0,"l":66970.2,"c":67000.6,"v":197041.0},{"ts":"2026-02-13T10:48:00Z","o":67000.6,"h":67000.6,"l":66940.0,"c":66960.5,"v":302772.0},{"ts":"2026-02-13T10:49:00Z","o":66960.5,"h":67000.1,"l":66960.5,"c":66999.9,"v":160847.0},{"ts":"2026-02-13T10:50:00Z","o":66999.9,"h":66999.9,"l":66946.6,"c":66963.2,"v":216810.0},{"ts":"2026-02-13T10:51:00Z","o":66963.2,"h":67034.5,"l":66963.2,"c":67016.0,"v":303520.0},{"ts":"2026-02-13T10:52:00Z","o":67016.0,"h":67016.0,"l":66947.3,"c":66997.6,"v":177547.0},{"ts":"2026-02-13T10:53:00Z","o":66997.6,"h":67058.4,"l":66997.6,"c":67047.2,"v":346963.0},{"ts":"2026-02-13T10:54:00Z","o":67047.2,"h":67047.2,"l":67000.5,"c":67000.6,"v":173385.0},{"ts":"2026-02-13T10:55:00Z","o":67000.6,"h":67023.0,"l":66992.7,"c":66994.2,"v":159580.0},{"ts":"2026-02-13T10:56:00Z","o":66994.2,"h":67022.6,"l":66975.8,"c":66975.8,"v":212459.0},{"ts":"2026-02-13T10:57:00Z","o":66975.8,"h":67006.5,"l":66960.0,"c":66968.8,"v":171883.0},{"ts":"2026-02-13T10:58:00Z","o":66968.8,"h":66985.0,"l":66937.5,"c":66937.5,"v":235193.0},{"ts":"2026-02-13T10:59:00Z","o":66937.5,"h":66959.7,"l":66937.5,"c":66940.0,"v":212394.0},{"ts":"2026-02-13T11:00:00Z","o":66940.0,"h":66949.4,"l":66907.7,"c":66907.7,"v":272377.0},{"ts":"2026-02-13T11:01:00Z","o":66907.7,"h":66912.8,"l":66819.7,"c":66824.1,"v":736997.0},{"ts":"2026-02-13T11:02:00Z","o":66824.1,"h":66886.4,"l":66824.1,"c":66861.9,"v":406130.0},{"ts":"2026-02-13T11:03:00Z","o":66861.9,"h":66884.0,"l":66828.2,"c":66828.2,"v":221287.0},{"ts":"2026-02-13T11:04:00Z","o":66828.2,"h":66901.2,"l":66819.5,"c":66899.6,"v":366318.0},{"ts":"2026-02-13T11:05:00Z","o":66899.6,"h":66943.9,"l":66899.5,"c":66923.7,"v":357475.0},{"ts":"2026-02-13T11:06:00Z","o":66923.7,"h":66956.0,"l":66923.7,"c":66955.9,"v":292457.0},{"ts":"2026-02-13T11:07:00Z","o":66955.9,"h":66999.9,"l":66950.9,"c":66951.1,"v":224063.0},{"ts":"2026-02-13T11:08:00Z","o":66951.1,"h":66957.6,"l":66857.0,"c":66865.0,"v":344002.0},{"ts":"2026-02-13T11:09:00Z","o":66865.0,"h":66900.0,"l":66865.0,"c":66880.0,"v":176613.0},{"ts":"2026-02-13T11:10:00Z","o":66880.0,"h":66895.3,"l":66835.9,"c":66840.0,"v":247203.0},{"ts":"2026-02-13T11:11:00Z","o":66840.0,"h":66840.0,"l":66810.6,"c":66829.9,"v":418797.0},{"ts":"2026-02-13T11:12:00Z","o":66829.9,"h":66854.3,"l":66809.1,"c":66809.5,"v":209954.0},{"ts":"2026-02-13T11:13:00Z","o":66809.5,"h":66861.1,"l":66809.5,"c":66830.0,"v":237820.0},{"ts":"2026-02-13T11:14:00Z","o":66830.0,"h":66856.0,"l":66827.5,"c":66849.9,"v":138627.0},{"ts":"2026-02-13T11:15:00Z","o":66849.9,"h":66895.2,"l":66845.2,"c":66870.8,"v":327595.0},{"ts":"2026-02-13T11:16:00Z","o":66870.8,"h":66898.3,"l":66870.0,"c":66881.3,"v":255588.0},{"ts":"2026-02-13T11:17:00Z","o":66881.3,"h":66900.0,"l":66849.4,"c":66854.0,"v":244102.0},{"ts":"2026-02-13T11:18:00Z","o":66854.0,"h":66873.7,"l":66827.5,"c":66873.7,"v":189981.0},{"ts":"2026-02-13T11:19:00Z","o":66873.7,"h":66911.5,"l":66873.6,"c":66900.1,"v":247085.0},{"ts":"2026-02-13T11:20:00Z","o":66900.1,"h":66937.8,"l":66893.9,"c":66915.1,"v":307940.0},{"ts":"2026-02-13T11:21:00Z","o":66915.1,"h":66925.6,"l":66883.4,"c":66918.4,"v":90325.0},{"ts":"2026-02-13T11:22:00Z","o":66918.4,"h":66920.1,"l":66849.8,"c":66881.4,"v":347929.0},{"ts":"2026-02-13T11:23:00Z","o":66881.4,"h":66908.9,"l":66881.3,"c":66883.3,"v":118950.0},{"ts":"2026-02-13T11:24:00Z","o":66883.3,"h":66889.7,"l":66849.1,"c":66859.1,"v":310759.0},{"ts":"2026-02-13T11:25:00Z","o":66859.1,"h":66909.7,"l":66856.3,"c":66895.3,"v":114437.0},{"ts":"2026-02-13T11:26:00Z","o":66895.3,"h":66925.5,"l":66884.4,"c":66925.5,"v":113237.0},{"ts":"2026-02-13T11:27:00Z","o":66925.5,"h":66968.5,"l":66914.0,"c":66935.9,"v":260339.0},{"ts":"2026-02-13T11:28:00Z","o":66935.9,"h":66978.3,"l":66923.3,"c":66977.4,"v":485156.0},{"ts":"2026-02-13T11:29:00Z","o":66977.4,"h":66977.4,"l":66926.4,"c":66944.6,"v":238735.0},{"ts":"2026-02-13T11:30:00Z","o":66944.6,"h":66965.6,"l":66902.4,"c":66902.4,"v":210681.0},{"ts":"2026-02-13T11:31:00Z","o":66902.4,"h":66902.4,"l":66782.8,"c":66824.4,"v":671489.0},{"ts":"2026-02-13T11:32:00Z","o":66824.4,"h":66842.8,"l":66760.7,"c":66774.2,"v":522444.0},{"ts":"2026-02-13T11:33:00Z","o":66774.2,"h":66814.2,"l":66749.1,"c":66771.2,"v":713586.0},{"ts":"2026-02-13T11:34:00Z","o":66771.2,"h":66823.8,"l":66768.0,"c":66818.8,"v":259506.0},{"ts":"2026-02-13T11:35:00Z","o":66818.8,"h":66867.3,"l":66791.0,"c":66863.0,"v":258612.0},{"ts":"2026-02-13T11:36:00Z","o":66863.0,"h":66875.4,"l":66835.2,"c":66838.9,"v":161172.0},{"ts":"2026-02-13T11:37:00Z","o":66838.9,"h":66880.0,"l":66834.9,"c":66839.9,"v":107842.0},{"ts":"2026-02-13T11:38:00Z","o":66839.9,"h":66969.6,"l":66839.9,"c":66938.4,"v":395812.0},{"ts":"2026-02-13T11:39:00Z","o":66938.4,"h":66938.4,"l":66883.6,"c":66914.7,"v":188058.0},{"ts":"2026-02-13T11:40:00Z","o":66914.7,"h":66924.0,"l":66898.4,"c":66910.2,"v":120738.0},{"ts":"2026-02-13T11:41:00Z","o":66910.2,"h":66944.0,"l":66898.3,"c":66940.7,"v":132580.0},{"ts":"2026-02-13T11:42:00Z","o":66940.7,"h":66993.5,"l":66940.7,"c":66961.9,"v":492992.0},{"ts":"2026-02-13T11:43:00Z","o":66961.9,"h":66978.4,"l":66944.2,"c":66960.0,"v":157454.0},{"ts":"2026-02-13T11:44:00Z","o":66960.0,"h":66964.3,"l":66916.7,"c":66962.0,"v":194533.0},{"ts":"2026-02-13T11:45:00Z","o":66962.0,"h":66971.7,"l":66931.3,"c":66943.4,"v":144323.0},{"ts":"2026-02-13T11:46:00Z","o":66943.4,"h":67014.7,"l":66930.3,"c":66982.9,"v":403077.0},{"ts":"2026-02-13T11:47:00Z","o":66982.9,"h":67008.0,"l":66966.3,"c":66994.5,"v":395455.0},{"ts":"2026-02-13T11:48:00Z","o":66994.5,"h":67005.3,"l":66956.8,"c":66956.8,"v":237767.0},{"ts":"2026-02-13T11:49:00Z","o":66956.8,"h":66983.9,"l":66934.9,"c":66976.7,"v":301999.0},{"ts":"2026-02-13T11:50:00Z","o":66976.7,"h":66999.2,"l":66971.1,"c":66992.9,"v":121950.0},{"ts":"2026-02-13T11:51:00Z","o":66992.9,"h":67002.5,"l":66970.1,"c":66979.9,"v":106723.0},{"ts":"2026-02-13T11:52:00Z","o":66979.9,"h":67015.0,"l":66968.5,"c":66989.6,"v":178471.0},{"ts":"2026-02-13T11:53:00Z","o":66989.6,"h":67034.2,"l":66984.6,"c":67031.2,"v":190353.0},{"ts":"2026-02-13T11:54:00Z","o":67031.2,"h":67034.1,"l":66992.3,"c":67024.6,"v":188856.0},{"ts":"2026-02-13T11:55:00Z","o":67024.6,"h":67167.7,"l":67004.4,"c":67115.6,"v":1376288.0},{"ts":"2026-02-13T11:56:00Z","o":67115.6,"h":67168.6,"l":67112.9,"c":67160.0,"v":525902.0},{"ts":"2026-02-13T11:57:00Z","o":67160.0,"h":67195.4,"l":67128.0,"c":67138.5,"v":657697.0},{"ts":"2026-02-13T11:58:00Z","o":67138.5,"h":67176.0,"l":67131.3,"c":67160.8,"v":268048.0},{"ts":"2026-02-13T11:59:00Z","o":67160.8,"h":67160.8,"l":67124.1,"c":67137.4,"v":226926.0},{"ts":"2026-02-13T12:00:00Z","o":67137.4,"h":67143.2,"l":67081.9,"c":67128.8,"v":444319.0},{"ts":"2026-02-13T12:01:00Z","o":67128.8,"h":67128.9,"l":67075.4,"c":67087.2,"v":224059.0},{"ts":"2026-02-13T12:02:00Z","o":67087.2,"h":67130.8,"l":67054.9,"c":67081.2,"v":330737.0},{"ts":"2026-02-13T12:03:00Z","o":67081.2,"h":67081.2,"l":66978.4,"c":67004.9,"v":827271.0},{"ts":"2026-02-13T12:04:00Z","o":67004.9,"h":67005.0,"l":66974.6,"c":66987.3,"v":325108.0},{"ts":"2026-02-13T12:05:00Z","o":66987.3,"h":67000.0,"l":66912.0,"c":66941.1,"v":514431.0},{"ts":"2026-02-13T12:06:00Z","o":66941.1,"h":66966.6,"l":66923.9,"c":66950.0,"v":344234.0},{"ts":"2026-02-13T12:07:00Z","o":66950.0,"h":66956.8,"l":66923.8,"c":66948.7,"v":233106.0},{"ts":"2026-02-13T12:08:00Z","o":66948.7,"h":67008.0,"l":66933.9,"c":66979.0,"v":320016.0},{"ts":"2026-02-13T12:09:00Z","o":66979.0,"h":67022.6,"l":66970.2,"c":67004.1,"v":400087.0},{"ts":"2026-02-13T12:10:00Z","o":67004.1,"h":67007.0,"l":66980.9,"c":67006.9,"v":131856.0},{"ts":"2026-02-13T12:11:00Z","o":67006.9,"h":67012.0,"l":66961.0,"c":66961.2,"v":179473.0},{"ts":"2026-02-13T12:12:00Z","o":66961.2,"h":67055.9,"l":66961.2,"c":67043.8,"v":206579.0},{"ts":"2026-02-13T12:13:00Z","o":67043.8,"h":67049.0,"l":66978.3,"c":66990.8,"v":369604.0},{"ts":"2026-02-13T12:14:00Z","o":66990.8,"h":67004.0,"l":66944.7,"c":66951.7,"v":276511.0},{"ts":"2026-02-13T12:15:00Z","o":66951.7,"h":66958.1,"l":66930.0,"c":66930.0,"v":218943.0},{"ts":"2026-02-13T12:16:00Z","o":66930.0,"h":66933.9,"l":66891.6,"c":66891.7,"v":450450.0},{"ts":"2026-02-13T12:17:00Z","o":66891.7,"h":66925.1,"l":66887.0,"c":66915.3,"v":247253.0},{"ts":"2026-02-13T12:18:00Z","o":66915.3,"h":66984.7,"l":66915.3,"c":66984.0,"v":295277.0},{"ts":"2026-02-13T12:19:00Z","o":66984.0,"h":67009.5,"l":66970.4,"c":66973.2,"v":241693.0},{"ts":"2026-02-13T12:20:00Z","o":66973.2,"h":67035.9,"l":66961.2,"c":67018.5,"v":272690.0},{"ts":"2026-02-13T12:21:00Z","o":67018.5,"h":67037.1,"l":67011.1,"c":67037.1,"v":268556.0},{"ts":"2026-02-13T12:22:00Z","o":67037.1,"h":67040.0,"l":66991.7,"c":66996.5,"v":457674.0},{"ts":"2026-02-13T12:23:00Z","o":66996.5,"h":66997.7,"l":66959.9,"c":66995.0,"v":171805.0},{"ts":"2026-02-13T12:24:00Z","o":66995.0,"h":66997.9,"l":66977.5,"c":66977.5,"v":98307.0},{"ts":"2026-02-13T12:25:00Z","o":66977.5,"h":67062.6,"l":66966.0,"c":67059.8,"v":244763.0},{"ts":"2026-02-13T12:26:00Z","o":67059.8,"h":67084.7,"l":67021.8,"c":67022.0,"v":266937.0},{"ts":"2026-02-13T12:27:00Z","o":67022.0,"h":67091.2,"l":67019.0,"c":67071.3,"v":247634.0},{"ts":"2026-02-13T12:28:00Z","o":67071.3,"h":67083.1,"l":67044.7,"c":67061.0,"v":134767.0},{"ts":"2026-02-13T12:29:00Z","o":67061.0,"h":67088.7,"l":67054.3,"c":67060.1,"v":163238.0},{"ts":"2026-02-13T12:30:00Z","o":67060.1,"h":67067.3,"l":67023.7,"c":67024.9,"v":118193.0},{"ts":"2026-02-13T12:31:00Z","o":67024.9,"h":67073.0,"l":67024.9,"c":67071.8,"v":112699.0},{"ts":"2026-02-13T12:32:00Z","o":67071.8,"h":67071.9,"l":67019.0,"c":67045.9,"v":83071.0},{"ts":"2026-02-13T12:33:00Z","o":67045.9,"h":67074.8,"l":67039.5,"c":67039.5,"v":293929.0},{"ts":"2026-02-13T12:34:00Z","o":67039.5,"h":67046.2,"l":67012.2,"c":67023.1,"v":200094.0},{"ts":"2026-02-13T12:35:00Z","o":67023.1,"h":67049.3,"l":67001.3,"c":67046.0,"v":137809.0},{"ts":"2026-02-13T12:36:00Z","o":67046.0,"h":67046.0,"l":67010.6,"c":67036.0,"v":94931.0},{"ts":"2026-02-13T12:37:00Z","o":67036.0,"h":67100.3,"l":67036.0,"c":67091.8,"v":340461.0},{"ts":"2026-02-13T12:38:00Z","o":67091.8,"h":67103.1,"l":67082.5,"c":67096.2,"v":163285.0},{"ts":"2026-02-13T12:39:00Z","o":67096.2,"h":67096.3,"l":67038.6,"c":67041.0,"v":376414.0},{"ts":"2026-02-13T12:40:00Z","o":67041.0,"h":67082.2,"l":67041.0,"c":67058.9,"v":154187.0},{"ts":"2026-02-13T12:41:00Z","o":67058.9,"h":67083.1,"l":67048.0,"c":67076.7,"v":116843.0},{"ts":"2026-02-13T12:42:00Z","o":67076.7,"h":67097.9,"l":67027.0,"c":67046.4,"v":218927.0},{"ts":"2026-02-13T12:43:00Z","o":67046.4,"h":67058.3,"l":67025.2,"c":67055.0,"v":135725.0},{"ts":"2026-02-13T12:44:00Z","o":67055.0,"h":67072.8,"l":67050.3,"c":67057.3,"v":112504.0},{"ts":"2026-02-13T12:45:00Z","o":67057.3,"h":67078.5,"l":67052.7,"c":67068.0,"v":125997.0},{"ts":"2026-02-13T12:46:00Z","o":67068.0,"h":67072.5,"l":67043.3,"c":67052.2,"v":216754.0},{"ts":"2026-02-13T12:47:00Z","o":67052.2,"h":67057.5,"l":67019.4,"c":67026.1,"v":239687.0},{"ts":"2026-02-13T12:48:00Z","o":67026.1,"h":67026.2,"l":66989.4,"c":67000.2,"v":405639.0},{"ts":"2026-02-13T12:49:00Z","o":67000.2,"h":67073.4,"l":66972.1,"c":67073.4,"v":905635.0},{"ts":"2026-02-13T12:50:00Z","o":67073.4,"h":67089.0,"l":67043.2,"c":67043.3,"v":209487.0},{"ts":"2026-02-13T12:51:00Z","o":67043.3,"h":67043.3,"l":67015.4,"c":67024.4,"v":91852.0},{"ts":"2026-02-13T12:52:00Z","o":67024.4,"h":67072.0,"l":67007.3,"c":67071.9,"v":198663.0},{"ts":"2026-02-13T12:53:00Z","o":67071.9,"h":67142.2,"l":67071.7,"c":67142.1,"v":599751.0},{"ts":"2026-02-13T12:54:00Z","o":67142.1,"h":67180.0,"l":67142.1,"c":67179.9,"v":645139.0},{"ts":"2026-02-13T12:55:00Z","o":67179.9,"h":67180.9,"l":67129.6,"c":67152.8,"v":501287.0},{"ts":"2026-02-13T12:56:00Z","o":67152.8,"h":67161.0,"l":67126.6,"c":67126.8,"v":189089.0},{"ts":"2026-02-13T12:57:00Z","o":67126.8,"h":67132.6,"l":67102.8,"c":67130.0,"v":387974.0},{"ts":"2026-02-13T12:58:00Z","o":67130.0,"h":67130.0,"l":67038.3,"c":67057.1,"v":582379.0},{"ts":"2026-02-13T12:59:00Z","o":67057.1,"h":67073.8,"l":67030.0,"c":67050.0,"v":321080.0},{"ts":"2026-02-13T13:00:00Z","o":67050.0,"h":67084.9,"l":67047.9,"c":67080.6,"v":219140.0},{"ts":"2026-02-13T13:01:00Z","o":67080.6,"h":67123.1,"l":67072.0,"c":67080.0,"v":219641.0},{"ts":"2026-02-13T13:02:00Z","o":67080.0,"h":67142.5,"l":67080.0,"c":67118.7,"v":206570.0},{"ts":"2026-02-13T13:03:00Z","o":67118.7,"h":67155.4,"l":67118.7,"c":67146.1,"v":222948.0},{"ts":"2026-02-13T13:04:00Z","o":67146.1,"h":67146.1,"l":67111.4,"c":67111.6,"v":170525.0},{"ts":"2026-02-13T13:05:00Z","o":67111.6,"h":67123.2,"l":67089.6,"c":67089.6,"v":243783.0},{"ts":"2026-02-13T13:06:00Z","o":67089.6,"h":67089.6,"l":67071.0,"c":67071.0,"v":243370.0},{"ts":"2026-02-13T13:07:00Z","o":67071.0,"h":67071.1,"l":66929.3,"c":66938.9,"v":733210.0},{"ts":"2026-02-13T13:08:00Z","o":66938.9,"h":66968.7,"l":66907.9,"c":66938.0,"v":553524.0},{"ts":"2026-02-13T13:09:00Z","o":66938.0,"h":66978.7,"l":66916.5,"c":66947.3,"v":454861.0},{"ts":"2026-02-13T13:10:00Z","o":66947.3,"h":66960.2,"l":66930.4,"c":66945.2,"v":337633.0},{"ts":"2026-02-13T13:11:00Z","o":66945.2,"h":66970.9,"l":66922.5,"c":66940.4,"v":364599.0},{"ts":"2026-02-13T13:12:00Z","o":66940.4,"h":66960.8,"l":66925.6,"c":66948.0,"v":238109.0},{"ts":"2026-02-13T13:13:00Z","o":66948.0,"h":66983.0,"l":66927.6,"c":66927.6,"v":674218.0},{"ts":"2026-02-13T13:14:00Z","o":66927.6,"h":66945.5,"l":66913.3,"c":66939.6,"v":280486.0},{"ts":"2026-02-13T13:15:00Z","o":66939.6,"h":66997.9,"l":66939.6,"c":66983.6,"v":360423.0},{"ts":"2026-02-13T13:16:00Z","o":66983.6,"h":67000.1,"l":66953.5,"c":66999.8,"v":465183.0},{"ts":"2026-02-13T13:17:00Z","o":66999.8,"h":67062.5,"l":66979.1,"c":67062.5,"v":372468.0},{"ts":"2026-02-13T13:18:00Z","o":67062.5,"h":67078.2,"l":67050.3,"c":67050.3,"v":547500.0},{"ts":"2026-02-13T13:19:00Z","o":67050.3,"h":67083.0,"l":67050.3,"c":67059.9,"v":294552.0},{"ts":"2026-02-13T13:20:00Z","o":67059.9,"h":67065.6,"l":67034.3,"c":67048.6,"v":312469.0},{"ts":"2026-02-13T13:21:00Z","o":67048.6,"h":67049.7,"l":67002.4,"c":67003.7,"v":137833.0},{"ts":"2026-02-13T13:22:00Z","o":67003.7,"h":67080.0,"l":66984.2,"c":67079.1,"v":443923.0},{"ts":"2026-02-13T13:23:00Z","o":67079.1,"h":67107.7,"l":67066.6,"c":67107.7,"v":323827.0},{"ts":"2026-02-13T13:24:00Z","o":67107.7,"h":67246.2,"l":67107.6,"c":67200.0,"v":1689470.0},{"ts":"2026-02-13T13:25:00Z","o":67200.0,"h":67341.0,"l":67194.4,"c":67243.9,"v":2272662.0},{"ts":"2026-02-13T13:26:00Z","o":67243.9,"h":67294.8,"l":67234.4,"c":67284.7,"v":554798.0},{"ts":"2026-02-13T13:27:00Z","o":67284.7,"h":67287.6,"l":67240.2,"c":67243.6,"v":615926.0},{"ts":"2026-02-13T13:28:00Z","o":67243.6,"h":67299.4,"l":67243.5,"c":67279.7,"v":356548.0},{"ts":"2026-02-13T13:29:00Z","o":67279.7,"h":67382.9,"l":67248.4,"c":67304.4,"v":1065182.0},{"ts":"2026-02-13T13:30:00Z","o":67304.4,"h":67595.8,"l":67286.8,"c":67316.1,"v":6952692.0},{"ts":"2026-02-13T13:31:00Z","o":67316.1,"h":67474.2,"l":67286.3,"c":67431.2,"v":1292041.0},{"ts":"2026-02-13T13:32:00Z","o":67431.2,"h":67512.0,"l":67317.7,"c":67356.0,"v":1235589.0},{"ts":"2026-02-13T13:33:00Z","o":67356.0,"h":67498.0,"l":67328.3,"c":67498.0,"v":588298.0},{"ts":"2026-02-13T13:34:00Z","o":67498.0,"h":67520.0,"l":67425.4,"c":67518.5,"v":1369466.0}],"5m":[{"ts":"2026-02-13T03:35:00Z","o":66610.1,"h":66672.7,"l":66585.3,"c":66672.6,"v":949785.0},{"ts":"2026-02-13T03:40:00Z","o":66672.6,"h":66698.4,"l":66608.4,"c":66608.4,"v":592588.0},{"ts":"2026-02-13T03:45:00Z","o":66608.4,"h":66641.5,"l":66489.0,"c":66504.0,"v":1205594.0},{"ts":"2026-02-13T03:50:00Z","o":66504.0,"h":66537.7,"l":66422.9,"c":66537.4,"v":1346260.0},{"ts":"2026-02-13T03:55:00Z","o":66537.4,"h":66537.4,"l":66430.0,"c":66519.6,"v":785567.0},{"ts":"2026-02-13T04:00:00Z","o":66519.6,"h":66562.0,"l":66443.2,"c":66447.1,"v":1236871.0},{"ts":"2026-02-13T04:05:00Z","o":66447.1,"h":66496.0,"l":66399.2,"c":66484.2,"v":1289438.0},{"ts":"2026-02-13T04:10:00Z","o":66484.2,"h":66508.4,"l":66409.2,"c":66504.9,"v":461326.0},{"ts":"2026-02-13T04:15:00Z","o":66504.9,"h":66643.9,"l":66465.1,"c":66610.1,"v":1199151.0},{"ts":"2026-02-13T04:20:00Z","o":66610.1,"h":66612.8,"l":66420.0,"c":66474.9,"v":1707625.0},{"ts":"2026-02-13T04:25:00Z","o":66474.9,"h":66491.4,"l":66418.6,"c":66418.6,"v":826827.0},{"ts":"2026-02-13T04:30:00Z","o":66418.6,"h":66424.7,"l":66350.0,"c":66391.0,"v":1384075.0},{"ts":"2026-02-13T04:35:00Z","o":66391.0,"h":66444.1,"l":66375.7,"c":66405.0,"v":588031.0},{"ts":"2026-02-13T04:40:00Z","o":66405.0,"h":66407.6,"l":66311.0,"c":66334.6,"v":950333.0},{"ts":"2026-02-13T04:45:00Z","o":66334.6,"h":66343.9,"l":66273.4,"c":66307.2,"v":1122943.0},{"ts":"2026-02-13T04:50:00Z","o":66307.2,"h":66387.6,"l":66307.1,"c":66386.0,"v":808636.0},{"ts":"2026-02-13T04:55:00Z","o":66386.0,"h":66413.8,"l":66280.1,"c":66300.0,"v":973948.0},{"ts":"2026-02-13T05:00:00Z","o":66300.0,"h":66424.5,"l":66291.2,"c":66376.0,"v":997776.0},{"ts":"2026-02-13T05:05:00Z","o":66376.0,"h":66407.4,"l":66190.5,"c":66250.0,"v":1419276.0},{"ts":"2026-02-13T05:10:00Z","o":66250.0,"h":66300.0,"l":66211.1,"c":66211.1,"v":910870.0},{"ts":"2026-02-13T05:15:00Z","o":66211.1,"h":66305.0,"l":66194.4,"c":66304.9,"v":721549.0},{"ts":"2026-02-13T05:20:00Z","o":66304.9,"h":66374.7,"l":66267.2,"c":66267.2,"v":531743.0},{"ts":"2026-02-13T05:25:00Z","o":66267.2,"h":66337.2,"l":66223.6,"c":66292.1,"v":510854.0},{"ts":"2026-02-13T05:30:00Z","o":66292.1,"h":66388.1,"l":66278.0,"c":66368.0,"v":790827.0},{"ts":"2026-02-13T05:35:00Z","o":66368.0,"h":66438.8,"l":66336.6,"c":66388.8,"v":1220843.0},{"ts":"2026-02-13T05:40:00Z","o":66388.8,"h":66444.0,"l":66318.4,"c":66438.0,"v":1026293.0},{"ts":"2026-02-13T05:45:00Z","o":66438.0,"h":66474.4,"l":66399.5,"c":66455.6,"v":807037.0},{"ts":"2026-02-13T05:50:00Z","o":66455.6,"h":66455.6,"l":66336.9,"c":66346.7,"v":543178.0},{"ts":"2026-02-13T05:55:00Z","o":66346.7,"h":66346.7,"l":66151.1,"c":66151.3,"v":1623255.0},{"ts":"2026-02-13T06:00:00Z","o":66151.3,"h":66245.7,"l":66135.1,"c":66204.3,"v":1355361.0},{"ts":"2026-02-13T06:05:00Z","o":66204.3,"h":66259.5,"l":66184.4,"c":66222.2,"v":536208.0},{"ts":"2026-02-13T06:10:00Z","o":66222.2,"h":66279.9,"l":66202.0,"c":66202.7,"v":552345.0},{"ts":"2026-02-13T06:15:00Z","o":66202.7,"h":66268.0,"l":66173.2,"c":66173.2,"v":821021.0},{"ts":"2026-02-13T06:20:00Z","o":66173.2,"h":66227.0,"l":66010.0,"c":66071.5,"v":1747988.0},{"ts":"2026-02-13T06:25:00Z","o":66071.5,"h":66095.7,"l":66018.5,"c":66093.5,"v":1061446.0},{"ts":"2026-02-13T06:30:00Z","o":66093.5,"h":66093.5,"l":65973.7,"c":66045.4,"v":1319991.0},{"ts":"2026-02-13T06:35:00Z","o":66045.4,"h":66095.5,"l":66012.0,"c":66017.6,"v":700281.0},{"ts":"2026-02-13T06:40:00Z","o":66017.6,"h":66084.9,"l":66017.6,"c":66059.3,"v":722952.0},{"ts":"2026-02-13T06:45:00Z","o":66059.3,"h":66105.5,"l":66020.2,"c":66050.0,"v":1292008.0},{"ts":"2026-02-13T06:50:00Z","o":66050.0,"h":66200.8,"l":66050.0,"c":66191.0,"v":1507139.0},{"ts":"2026-02-13T06:55:00Z","o":66191.0,"h":66367.5,"l":66172.7,"c":66330.4,"v":1649428.0},{"ts":"2026-02-13T07:00:00Z","o":66330.4,"h":66450.0,"l":66304.4,"c":66426.2,"v":1232009.0},{"ts":"2026-02-13T07:05:00Z","o":66426.2,"h":66445.0,"l":66338.0,"c":66350.0,"v":1129413.0},{"ts":"2026-02-13T07:10:00Z","o":66350.0,"h":66543.2,"l":66350.0,"c":66497.5,"v":2007148.0},{"ts":"2026-02-13T07:15:00Z","o":66497.5,"h":66540.1,"l":66409.7,"c":66429.9,"v":1106350.0},{"ts":"2026-02-13T07:20:00Z","o":66429.9,"h":66470.0,"l":66385.8,"c":66469.3,"v":1179858.0},{"ts":"2026-02-13T07:25:00Z","o":66469.3,"h":66491.1,"l":66399.3,"c":66490.0,"v":825488.0},{"ts":"2026-02-13T07:30:00Z","o":66490.0,"h":66490.0,"l":66288.6,"c":66320.9,"v":1313990.0},{"ts":"2026-02-13T07:35:00Z","o":66320.9,"h":66337.9,"l":66149.8,"c":66200.3,"v":1847429.0},{"ts":"2026-02-13T07:40:00Z","o":66200.3,"h":66200.3,"l":66093.8,"c":66094.0,"v":1685936.0},{"ts":"2026-02-13T07:45:00Z","o":66094.0,"h":66137.9,"l":66040.9,"c":66118.3,"v":1584807.0},{"ts":"2026-02-13T07:50:00Z","o":66118.3,"h":66278.8,"l":66018.0,"c":66278.8,"v":1678001.0},{"ts":"2026-02-13T07:55:00Z","o":66278.8,"h":66300.0,"l":66132.0,"c":66183.2,"v":1942851.0},{"ts":"2026-02-13T08:00:00Z","o":66183.2,"h":66336.6,"l":66159.9,"c":66312.0,"v":1684090.0},{"ts":"2026-02-13T08:05:00Z","o":66312.0,"h":66459.6,"l":66252.8,"c":66258.1,"v":1895186.0},{"ts":"2026-02-13T08:10:00Z","o":66258.1,"h":66328.0,"l":66230.9,"c":66232.1,"v":625622.0},{"ts":"2026-02-13T08:15:00Z","o":66232.1,"h":66305.9,"l":66185.8,"c":66298.3,"v":1008404.0},{"ts":"2026-02-13T08:20:00Z","o":66298.3,"h":66391.7,"l":66241.8,"c":66263.6,"v":1422348.0},{"ts":"2026-02-13T08:25:00Z","o":66263.6,"h":66412.5,"l":66263.6,"c":66382.8,"v":1020078.0},{"ts":"2026-02-13T08:30:00Z","o":66382.8,"h":66440.2,"l":66341.4,"c":66430.1,"v":993700.0},{"ts":"2026-02-13T08:35:00Z","o":66430.1,"h":66511.1,"l":66390.6,"c":66397.3,"v":1658651.0},{"ts":"2026-02-13T08:40:00Z","o":66397.3,"h":66477.0,"l":66369.1,"c":66477.0,"v":1191232.0},{"ts":"2026-02-13T08:45:00Z","o":66477.0,"h":66723.0,"l":66476.9,"c":66631.9,"v":3334252.0},{"ts":"2026-02-13T08:50:00Z","o":66631.9,"h":66676.9,"l":66575.8,"c":66652.5,"v":1970208.0},{"ts":"2026-02-13T08:55:00Z","o":66652.5,"h":66676.1,"l":66555.2,"c":66674.8,"v":1189895.0},{"ts":"2026-02-13T09:00:00Z","o":66674.8,"h":66697.5,"l":66580.0,"c":66631.0,"v":1600463.0},{"ts":"2026-02-13T09:05:00Z","o":66631.0,"h":66767.4,"l":66599.7,"c":66748.9,"v":1962415.0},{"ts":"2026-02-13T09:10:00Z","o":66748.9,"h":66830.9,"l":66621.0,"c":66653.5,"v":2942979.0},{"ts":"2026-02-13T09:15:00Z","o":66653.5,"h":66760.0,"l":66606.0,"c":66695.3,"v":1852419.0},{"ts":"2026-02-13T09:20:00Z","o":66695.3,"h":66809.8,"l":66645.6,"c":66761.5,"v":1545117.0},{"ts":"2026-02-13T09:25:00Z","o":66761.5,"h":66790.2,"l":66687.1,"c":66790.1,"v":921996.0},{"ts":"2026-02-13T09:30:00Z","o":66790.1,"h":66875.7,"l":66743.2,"c":66873.1,"v":2122073.0},{"ts":"2026-02-13T09:35:00Z","o":66873.1,"h":66911.2,"l":66789.9,"c":66820.5,"v":1938239.0},{"ts":"2026-02-13T09:40:00Z","o":66820.5,"h":66875.1,"l":66772.3,"c":66822.6,"v":1143305.0},{"ts":"2026-02-13T09:45:00Z","o":66822.6,"h":67041.7,"l":66821.2,"c":66974.1,"v":3245343.0},{"ts":"2026-02-13T09:50:00Z","o":66974.1,"h":66998.1,"l":66907.9,"c":66928.2,"v":1487697.0},{"ts":"2026-02-13T09:55:00Z","o":66928.2,"h":66957.1,"l":66891.1,"c":66924.3,"v":952621.0},{"ts":"2026-02-13T10:00:00Z","o":66924.3,"h":66936.0,"l":66818.2,"c":66823.3,"v":1423403.0},{"ts":"2026-02-13T10:05:00Z","o":66823.3,"h":66880.7,"l":66789.7,"c":66800.0,"v":3069222.0},{"ts":"2026-02-13T10:10:00Z","o":66800.0,"h":66879.2,"l":66800.0,"c":66873.3,"v":966197.0},{"ts":"2026-02-13T10:15:00Z","o":66873.3,"h":67064.0,"l":66860.0,"c":66970.2,"v":2171965.0},{"ts":"2026-02-13T10:20:00Z","o":66970.2,"h":66970.3,"l":66765.5,"c":66797.0,"v":1827940.0},{"ts":"2026-02-13T10:25:00Z","o":66797.0,"h":66888.0,"l":66788.6,"c":66882.0,"v":1249252.0},{"ts":"2026-02-13T10:30:00Z","o":66882.0,"h":66988.0,"l":66810.0,"c":66940.4,"v":1683061.0},{"ts":"2026-02-13T10:35:00Z","o":66940.4,"h":67016.2,"l":66914.7,"c":66917.2,"v":2767064.0},{"ts":"2026-02-13T10:40:00Z","o":66917.2,"h":67086.5,"l":66907.9,"c":66993.2,"v":2323268.0},{"ts":"2026-02-13T10:45:00Z","o":66993.2,"h":67022.0,"l":66933.9,"c":66999.9,"v":1453400.0},{"ts":"2026-02-13T10:50:00Z","o":66999.9,"h":67058.4,"l":66946.6,"c":67000.6,"v":1218225.0},{"ts":"2026-02-13T10:55:00Z","o":67000.6,"h":67023.0,"l":66937.5,"c":66940.0,"v":991509.0},{"ts":"2026-02-13T11:00:00Z","o":66940.0,"h":66949.4,"l":66819.5,"c":66899.6,"v":2003109.0},{"ts":"2026-02-13T11:05:00Z","o":66899.6,"h":66999.9,"l":66857.0,"c":66880.0,"v":1394610.0},{"ts":"2026-02-13T11:10:00Z","o":66880.0,"h":66895.3,"l":66809.1,"c":66849.9,"v":1252401.0},{"ts":"2026-02-13T11:15:00Z","o":66849.9,"h":66911.5,"l":66827.5,"c":66900.1,"v":1264351.0},{"ts":"2026-02-13T11:20:00Z","o":66900.1,"h":66937.8,"l":66849.1,"c":66859.1,"v":1175903.0},{"ts":"2026-02-13T11:25:00Z","o":66859.1,"h":66978.3,"l":66856.3,"c":66944.6,"v":1211904.0},{"ts":"2026-02-13T11:30:00Z","o":66944.6,"h":66965.6,"l":66749.1,"c":66818.8,"v":2377706.0},{"ts":"2026-02-13T11:35:00Z","o":66818.8,"h":66969.6,"l":66791.0,"c":66914.7,"v":1111496.0},{"ts":"2026-02-13T11:40:00Z","o":66914.7,"h":66993.5,"l":66898.3,"c":66962.0,"v":1098297.0},{"ts":"2026-02-13T11:45:00Z","o":66962.0,"h":67014.7,"l":66930.3,"c":66976.7,"v":1482621.0},{"ts":"2026-02-13T11:50:00Z","o":66976.7,"h":67034.2,"l":66968.5,"c":67024.6,"v":786353.0},{"ts":"2026-02-13T11:55:00Z","o":67024.6,"h":67195.4,"l":67004.4,"c":67137.4,"v":3054861.0},{"ts":"2026-02-13T12:00:00Z","o":67137.4,"h":67143.2,"l":66974.6,"c":66987.3,"v":2151494.0},{"ts":"2026-02-13T12:05:00Z","o":66987.3,"h":67022.6,"l":66912.0,"c":67004.1,"v":1811874.0},{"ts":"2026-02-13T12:10:00Z","o":67004.1,"h":67055.9,"l":66944.7,"c":66951.7,"v":1164023.0},{"ts":"2026-02-13T12:15:00Z","o":66951.7,"h":67009.5,"l":66887.0,"c":66973.2,"v":1453616.0},{"ts":"2026-02-13T12:20:00Z","o":66973.2,"h":67040.0,"l":66959.9,"c":66977.5,"v":1269032.0},{"ts":"2026-02-13T12:25:00Z","o":66977.5,"h":67091.2,"l":66966.0,"c":67060.1,"v":1057339.0},{"ts":"2026-02-13T12:30:00Z","o":67060.1,"h":67074.8,"l":67012.2,"c":67023.1,"v":807986.0},{"ts":"2026-02-13T12:35:00Z","o":67023.1,"h":67103.1,"l":67001.3,"c":67041.0,"v":1112900.0},{"ts":"2026-02-13T12:40:00Z","o":67041.0,"h":67097.9,"l":67025.2,"c":67057.3,"v":738186.0},{"ts":"2026-02-13T12:45:00Z","o":67057.3,"h":67078.5,"l":66972.1,"c":67073.4,"v":1893712.0},{"ts":"2026-02-13T12:50:00Z","o":67073.4,"h":67180.0,"l":67007.3,"c":67179.9,"v":1744892.0},{"ts":"2026-02-13T12:55:00Z","o":67179.9,"h":67180.9,"l":67030.0,"c":67050.0,"v":1981809.0},{"ts":"2026-02-13T13:00:00Z","o":67050.0,"h":67155.4,"l":67047.9,"c":67111.6,"v":1038824.0},{"ts":"2026-02-13T13:05:00Z","o":67111.6,"h":67123.2,"l":66907.9,"c":66947.3,"v":2228748.0},{"ts":"2026-02-13T13:10:00Z","o":66947.3,"h":66983.0,"l":66913.3,"c":66939.6,"v":1895045.0},{"ts":"2026-02-13T13:15:00Z","o":66939.6,"h":67083.0,"l":66939.6,"c":67059.9,"v":2040126.0},{"ts":"2026-02-13T13:20:00Z","o":67059.9,"h":67246.2,"l":66984.2,"c":67200.0,"v":2907522.0},{"ts":"2026-02-13T13:25:00Z","o":67200.0,"h":67382.9,"l":67194.4,"c":67304.4,"v":4865116.0},{"ts":"2026-02-13T13:30:00Z","o":67304.4,"h":67595.8,"l":67286.3,"c":67509.5,"v":11490564.0}],"15m":[{"ts":"2026-02-12T17:45:00Z","o":65951.2,"h":66022.6,"l":65331.7,"c":65380.3,"v":12162894.0},{"ts":"2026-02-12T18:00:00Z","o":65380.3,"h":65763.0,"l":65344.2,"c":65664.8,"v":7478085.0},{"ts":"2026-02-12T18:15:00Z","o":65664.8,"h":65691.3,"l":65199.0,"c":65273.2,"v":11128511.0},{"ts":"2026-02-12T18:30:00Z","o":65273.2,"h":65507.6,"l":65081.1,"c":65404.8,"v":8801303.0},{"ts":"2026-02-12T18:45:00Z","o":65404.8,"h":65671.0,"l":65377.7,"c":65559.4,"v":6347793.0},{"ts":"2026-02-12T19:00:00Z","o":65559.4,"h":65720.0,"l":65235.5,"c":65416.8,"v":6533720.0},{"ts":"2026-02-12T19:15:00Z","o":65416.8,"h":65932.7,"l":65382.6,"c":65745.1,"v":7706996.0},{"ts":"2026-02-12T19:30:00Z","o":65745.1,"h":66076.1,"l":65728.4,"c":65948.6,"v":7301165.0},{"ts":"2026-02-12T19:45:00Z","o":65948.6,"h":66088.0,"l":65743.4,"c":65760.8,"v":5417969.0},{"ts":"2026-02-12T20:00:00Z","o":65760.8,"h":66008.7,"l":65576.2,"c":65677.7,"v":7027791.0},{"ts":"2026-02-12T20:15:00Z","o":65677.7,"h":65782.6,"l":65451.5,"c":65477.0,"v":4261713.0},{"ts":"2026-02-12T20:30:00Z","o":65477.0,"h":65655.9,"l":65370.0,"c":65517.6,"v":5123423.0},{"ts":"2026-02-12T20:45:00Z","o":65517.6,"h":65563.7,"l":65184.4,"c":65395.2,"v":8069038.0},{"ts":"2026-02-12T21:00:00Z","o":65395.2,"h":65643.3,"l":65395.2,"c":65640.2,"v":5258266.0},{"ts":"2026-02-12T21:15:00Z","o":65640.2,"h":65770.0,"l":65445.0,"c":65575.7,"v":5823486.0},{"ts":"2026-02-12T21:30:00Z","o":65575.7,"h":65819.5,"l":65550.1,"c":65788.5,"v":4866212.0},{"ts":"2026-02-12T21:45:00Z","o":65788.5,"h":65873.3,"l":65706.4,"c":65816.8,"v":2810797.0},{"ts":"2026-02-12T22:00:00Z","o":65816.8,"h":65861.6,"l":65715.0,"c":65788.9,"v":3423072.0},{"ts":"2026-02-12T22:15:00Z","o":65788.9,"h":65927.3,"l":65615.0,"c":65927.3,"v":4459347.0},{"ts":"2026-02-12T22:30:00Z","o":65927.3,"h":66176.9,"l":65850.8,"c":66168.1,"v":5300581.0},{"ts":"2026-02-12T22:45:00Z","o":66168.1,"h":66380.0,"l":66160.0,"c":66262.3,"v":6674619.0},{"ts":"2026-02-12T23:00:00Z","o":66262.3,"h":66444.0,"l":66173.2,"c":66286.0,"v":5893589.0},{"ts":"2026-02-12T23:15:00Z","o":66286.0,"h":66458.1,"l":66228.2,"c":66366.4,"v":3006050.0},{"ts":"2026-02-12T23:30:00Z","o":66366.4,"h":66456.1,"l":66175.3,"c":66219.9,"v":3842626.0},{"ts":"2026-02-12T23:45:00Z","o":66219.9,"h":66280.2,"l":66135.8,"c":66243.1,"v":3096513.0},{"ts":"2026-02-13T00:00:00Z","o":66243.1,"h":66498.4,"l":66137.9,"c":66341.3,"v":5761410.0},{"ts":"2026-02-13T00:15:00Z","o":66341.3,"h":66347.8,"l":65976.0,"c":66001.8,"v":5952390.0},{"ts":"2026-02-13T00:30:00Z","o":66001.8,"h":66111.5,"l":65870.7,"c":65924.6,"v":7882903.0},{"ts":"2026-02-13T00:45:00Z","o":65924.6,"h":66038.1,"l":65833.9,"c":65881.9,"v":7017403.0},{"ts":"2026-02-13T01:00:00Z","o":65881.9,"h":66250.1,"l":65881.9,"c":66220.0,"v":5203778.0},{"ts":"2026-02-13T01:15:00Z","o":66220.0,"h":66265.0,"l":66052.7,"c":66189.5,"v":4085738.0},{"ts":"2026-02-13T01:30:00Z","o":66189.5,"h":66475.1,"l":66189.5,"c":66383.7,"v":4936633.0},{"ts":"2026-02-13T01:45:00Z","o":66383.7,"h":66587.6,"l":66299.5,"c":66423.5,"v":5365308.0},{"ts":"2026-02-13T02:00:00Z","o":66423.5,"h":66540.0,"l":66352.8,"c":66531.0,"v":3526791.0},{"ts":"2026-02-13T02:15:00Z","o":66531.0,"h":66622.9,"l":66353.8,"c":66494.5,"v":3169626.0},{"ts":"2026-02-13T02:30:00Z","o":66494.5,"h":66600.0,"l":66428.5,"c":66555.1,"v":2315313.0},{"ts":"2026-02-13T02:45:00Z","o":66555.1,"h":66727.2,"l":66510.8,"c":66628.0,"v":3310231.0},{"ts":"2026-02-13T03:00:00Z","o":66628.0,"h":66741.6,"l":66464.0,"c":66481.5,"v":4291177.0},{"ts":"2026-02-13T03:15:00Z","o":66481.5,"h":66647.0,"l":66453.5,"c":66647.0,"v":2315609.0},{"ts":"2026-02-13T03:30:00Z","o":66647.0,"h":66778.0,"l":66585.3,"c":66608.4,"v":2889262.0},{"ts":"2026-02-13T03:45:00Z","o":66608.4,"h":66641.5,"l":66422.9,"c":66519.6,"v":3337421.0},{"ts":"2026-02-13T04:00:00Z","o":66519.6,"h":66562.0,"l":66399.2,"c":66504.9,"v":2987635.0},{"ts":"2026-02-13T04:15:00Z","o":66504.9,"h":66643.9,"l":66418.6,"c":66418.6,"v":3733603.0},{"ts":"2026-02-13T04:30:00Z","o":66418.6,"h":66444.1,"l":66311.0,"c":66334.6,"v":2922439.0},{"ts":"2026-02-13T04:45:00Z","o":66334.6,"h":66413.8,"l":66273.4,"c":66300.0,"v":2905527.0},{"ts":"2026-02-13T05:00:00Z","o":66300.0,"h":66424.5,"l":66190.5,"c":66211.1,"v":3327922.0},{"ts":"2026-02-13T05:15:00Z","o":66211.1,"h":66374.7,"l":66194.4,"c":66292.1,"v":1764146.0},{"ts":"2026-02-13T05:30:00Z","o":66292.1,"h":66444.0,"l":66278.0,"c":66438.0,"v":3037963.0},{"ts":"2026-02-13T05:45:00Z","o":66438.0,"h":66474.4,"l":66151.1,"c":66151.3,"v":2973470.0},{"ts":"2026-02-13T06:00:00Z","o":66151.3,"h":66279.9,"l":66135.1,"c":66202.7,"v":2443914.0},{"ts":"2026-02-13T06:15:00Z","o":66202.7,"h":66268.0,"l":66010.0,"c":66093.5,"v":3630455.0},{"ts":"2026-02-13T06:30:00Z","o":66093.5,"h":66095.5,"l":65973.7,"c":66059.3,"v":2743224.0},{"ts":"2026-02-13T06:45:00Z","o":66059.3,"h":66367.5,"l":66020.2,"c":66330.4,"v":4448575.0},{"ts":"2026-02-13T07:00:00Z","o":66330.4,"h":66543.2,"l":66304.4,"c":66497.5,"v":4368570.0},{"ts":"2026-02-13T07:15:00Z","o":66497.5,"h":66540.1,"l":66385.8,"c":66490.0,"v":3111696.0},{"ts":"2026-02-13T07:30:00Z","o":66490.0,"h":66490.0,"l":66093.8,"c":66094.0,"v":4847355.0},{"ts":"2026-02-13T07:45:00Z","o":66094.0,"h":66300.0,"l":66018.0,"c":66183.2,"v":5205659.0},{"ts":"2026-02-13T08:00:00Z","o":66183.2,"h":66459.6,"l":66159.9,"c":66232.1,"v":4204898.0},{"ts":"2026-02-13T08:15:00Z","o":66232.1,"h":66412.5,"l":66185.8,"c":66382.8,"v":3450830.0},{"ts":"2026-02-13T08:30:00Z","o":66382.8,"h":66511.1,"l":66341.4,"c":66477.0,"v":3843583.0},{"ts":"2026-02-13T08:45:00Z","o":66477.0,"h":66723.0,"l":66476.9,"c":66674.8,"v":6494355.0},{"ts":"2026-02-13T09:00:00Z","o":66674.8,"h":66830.9,"l":66580.0,"c":66653.5,"v":6505857.0},{"ts":"2026-02-13T09:15:00Z","o":66653.5,"h":66809.8,"l":66606.0,"c":66790.1,"v":4319532.0},{"ts":"2026-02-13T09:30:00Z","o":66790.1,"h":66911.2,"l":66743.2,"c":66822.6,"v":5203617.0},{"ts":"2026-02-13T09:45:00Z","o":66822.6,"h":67041.7,"l":66821.2,"c":66924.3,"v":5685661.0},{"ts":"2026-02-13T10:00:00Z","o":66924.3,"h":66936.0,"l":66789.7,"c":66873.3,"v":5458822.0},{"ts":"2026-02-13T10:15:00Z","o":66873.3,"h":67064.0,"l":66765.5,"c":66882.0,"v":5249157.0},{"ts":"2026-02-13T10:30:00Z","o":66882.0,"h":67086.5,"l":66810.0,"c":66993.2,"v":6773393.0},{"ts":"2026-02-13T10:45:00Z","o":66993.2,"h":67058.4,"l":66933.9,"c":66940.0,"v":3663134.0},{"ts":"2026-02-13T11:00:00Z","o":66940.0,"h":66999.9,"l":66809.1,"c":66849.9,"v":4650120.0},{"ts":"2026-02-13T11:15:00Z","o":66849.9,"h":66978.3,"l":66827.5,"c":66944.6,"v":3652158.0},{"ts":"2026-02-13T11:30:00Z","o":66944.6,"h":66993.5,"l":66749.1,"c":66962.0,"v":4587499.0},{"ts":"2026-02-13T11:45:00Z","o":66962.0,"h":67195.4,"l":66930.3,"c":67137.4,"v":5323835.0},{"ts":"2026-02-13T12:00:00Z","o":67137.4,"h":67143.2,"l":66912.0,"c":66951.7,"v":5127391.0},{"ts":"2026-02-13T12:15:00Z","o":66951.7,"h":67091.2,"l":66887.0,"c":67060.1,"v":3779987.0},{"ts":"2026-02-13T12:30:00Z","o":67060.1,"h":67103.1,"l":67001.3,"c":67057.3,"v":2659072.0},{"ts":"2026-02-13T12:45:00Z","o":67057.3,"h":67180.9,"l":66972.1,"c":67050.0,"v":5620413.0},{"ts":"2026-02-13T13:00:00Z","o":67050.0,"h":67155.4,"l":66907.9,"c":66939.6,"v":5162617.0},{"ts":"2026-02-13T13:15:00Z","o":66939.6,"h":67382.9,"l":66939.6,"c":67304.4,"v":9812764.0},{"ts":"2026-02-13T13:30:00Z","o":67304.4,"h":67595.8,"l":67286.3,"c":67498.4,"v":11501919.0}]},"features":{"P_used":67495.2,"orderbook":{"topN":20,"bandPct":0.0015,"bidSumTopN":111179.0,"askSumTopN":176770.0,"bidAskRatioTopN":0.6289472195508288,"bestBid":67494.9,"bestAsk":67495.0,"spread":0.10000000000582077,"spreadBps":0.014815868388540336,"nearBand":{"bidCount":20,"askCount":20,"topBidWall":{"price":67493.8,"size":22224.0},"topAskWall":{"price":67500.8,"size":98574.0}}},"orderbookHistory":{"available":true,"bidWall":{"samples":6,"persistRate":0.0,"churnRate":1.0,"sizeCv":0.7482018669395999},"askWall":{"samples":6,"persistRate":0.0,"churnRate":1.0,"sizeCv":0.382048583113278}},"trades":{"available":true,"buyVol":29892.0,"sellVol":20601.0,"buyCnt":24,"sellCnt":16,"buyVolRatio":0.5920028518804586,"sellVolRatio":0.4079971481195413,"maxTrade":{"price":67502.8,"vol":10801.0,"T":2}},"openInterest":{"available":true,"windowSamples":23,"oiStart":522412041.0,"oiEnd":522546556.0,"oiChange":134515.0,"oiChangePct":0.025748832232601625,"pxStart":67507.0,"pxEnd":67357.7,"pxChangePct":-0.22116224984076158,"leverageChaseFlag":false},"context":{"available":true,"range15m":{"hi":67595.8,"lo":66476.9,"pos01":0.9129502189650478,"lastClose":67498.4,"meanClose":66965.45999999999},"range5m":{"hi":67595.8,"lo":66369.1,"pos01":0.9296486508518765,"lastClose":67509.5,"meanClose":66916.86833333333}}}}