{"meta":{"exchange":"MEXC","market":"FUTURES","symbol":"BTC_USDT","generated_at":"2026-02-12T13:58:36Z"},"marketInfo":{"priceUnit":0.1,"volUnit":1,"minVol":1,"contractSize":0.0001,"priceScale":1,"volScale":0,"maxLeverage":500},"price":{"ticker":{"contractId":10,"symbol":"BTC_USDT","lastPrice":68319.3,"bid1":68319.3,"ask1":68319.4,"volume24":293633252,"amount24":1974706385.96598,"holdVol":576355718,"lower24Price":65720.2,"high24Price":68812.6,"riseFallRate":0.0275,"riseFallValue":1830.2,"indexPrice":68366.1,"fairPrice":68329.8,"fundingRate":-8e-06,"maxBidPrice":75202.7,"minAskPrice":61529.4,"timestamp":1770904714736,"riseFallRates":{"zone":"UTC+8","r":0.0275,"v":1830.2,"r7":-0.0778,"r30":-0.2543,"r90":-0.3257,"r180":-0.4171,"r365":-0.2954},"riseFallRatesOfTimezone":[0.0181,0.0189,0.0275]},"funding":{"symbol":"BTC_USDT","fundingRate":-8e-06,"maxFundingRate":0.0018,"minFundingRate":-0.0018,"collectCycle":8,"nextSettleTime":1770912000000,"timestamp":1770904716976},"index":{"symbol":"BTC_USDT","indexPrice":68351.64,"timestamp":1770904717621},"fair":{"symbol":"BTC_USDT","fairPrice":68304.6,"timestamp":1770904718142}},"metrics":{"openInterestNow":576355718,"oiHistory":[{"t":1770904721535,"lastPrice":68297.2,"bid1":68297.1,"ask1":68297.2,"holdVol":575941488,"fundingRate":-8e-06,"indexPrice":68335.1,"fairPrice":68298.7},{"t":1770904724259,"lastPrice":68297.1,"bid1":68299.7,"ask1":68299.8,"holdVol":575946537,"fundingRate":-8e-06,"indexPrice":68335.46,"fairPrice":68299},{"t":1770904726690,"lastPrice":68310.1,"bid1":68310.1,"ask1":68310.2,"holdVol":575967552,"fundingRate":-8e-06,"indexPrice":68347.84,"fairPrice":68311.4},{"t":1770904729105,"lastPrice":68305.5,"bid1":68305.5,"ask1":68305.6,"holdVol":575910796,"fundingRate":-8e-06,"indexPrice":68347.74,"fairPrice":68311.3},{"t":1770904731521,"lastPrice":68305.6,"bid1":68305.5,"ask1":68305.6,"holdVol":575862288,"fundingRate":-8e-06,"indexPrice":68347.67,"fairPrice":68311.2},{"t":1770904733951,"lastPrice":68293.7,"bid1":68288,"ask1":68288.1,"holdVol":575753433,"fundingRate":-8e-06,"indexPrice":68338.64,"fairPrice":68305.5},{"t":1770904736836,"lastPrice":68335,"bid1":68334.9,"ask1":68335,"holdVol":572212492,"fundingRate":-8e-06,"indexPrice":68375.88,"fairPrice":68339.4},{"t":1770904739568,"lastPrice":68318.8,"bid1":68317.1,"ask1":68318.8,"holdVol":572310316,"fundingRate":-8e-06,"indexPrice":68362.73,"fairPrice":68326.2},{"t":1770904742029,"lastPrice":68312.8,"bid1":68312.5,"ask1":68312.9,"holdVol":572287929,"fundingRate":-8e-06,"indexPrice":68355.55,"fairPrice":68319},{"t":1770904744463,"lastPrice":68309.7,"bid1":68309.6,"ask1":68309.7,"holdVol":572293123,"fundingRate":-8e-06,"indexPrice":68357.54,"fairPrice":68321.3},{"t":1770904746886,"lastPrice":68297.1,"bid1":68294.1,"ask1":68294.2,"holdVol":572429875,"fundingRate":-8e-06,"indexPrice":68341.07,"fairPrice":68304.7},{"t":1770904749314,"lastPrice":68286.1,"bid1":68286.1,"ask1":68286.2,"holdVol":572362828,"fundingRate":-8e-06,"indexPrice":68326.76,"fairPrice":68290.1},{"t":1770904751746,"lastPrice":68286.1,"bid1":68286.1,"ask1":68286.2,"holdVol":572362828,"fundingRate":-8e-06,"indexPrice":68326.76,"fairPrice":68290.1},{"t":1770904754181,"lastPrice":68283.5,"bid1":68281.8,"ask1":68281.9,"holdVol":572448499,"fundingRate":-8e-06,"indexPrice":68324.91,"fairPrice":68288.2},{"t":1770904756806,"lastPrice":68280.4,"bid1":68280.4,"ask1":68281,"holdVol":572495692,"fundingRate":-8e-06,"indexPrice":68322.26,"fairPrice":68285.6},{"t":1770904759267,"lastPrice":68280.1,"bid1":68280,"ask1":68280.1,"holdVol":572712547,"fundingRate":-8e-06,"indexPrice":68322.26,"fairPrice":68285.6},{"t":1770904761723,"lastPrice":68270,"bid1":68272.6,"ask1":68272.7,"holdVol":572741251,"fundingRate":-8e-06,"indexPrice":68308.86,"fairPrice":68272.1},{"t":1770904764178,"lastPrice":68274.1,"bid1":68274.1,"ask1":68274.2,"holdVol":572752156,"fundingRate":-8e-06,"indexPrice":68314.26,"fairPrice":68277.5},{"t":1770904766643,"lastPrice":68288.8,"bid1":68288.8,"ask1":68288.9,"holdVol":572851920,"fundingRate":-8e-06,"indexPrice":68324.43,"fairPrice":68288.8},{"t":1770904769105,"lastPrice":68288.8,"bid1":68288.8,"ask1":68288.9,"holdVol":572851920,"fundingRate":-8e-06,"indexPrice":68324.43,"fairPrice":68288.8},{"t":1770904771521,"lastPrice":68266.3,"bid1":68266.2,"ask1":68266.4,"holdVol":572931216,"fundingRate":-8e-06,"indexPrice":68309.57,"fairPrice":68272.8},{"t":1770904773955,"lastPrice":68285.4,"bid1":68285.4,"ask1":68285.5,"holdVol":572955542,"fundingRate":-8e-06,"indexPrice":68314.23,"fairPrice":68277.4},{"t":1770904776407,"lastPrice":68278.7,"bid1":68278.6,"ask1":68278.7,"holdVol":572975260,"fundingRate":-8e-06,"indexPrice":68325.52,"fairPrice":68288.7},{"t":1770904778885,"lastPrice":68280,"bid1":68279.9,"ask1":68280,"holdVol":572815267,"fundingRate":-8e-06,"indexPrice":68315.52,"fairPrice":68278.7},{"t":1770904781323,"lastPrice":68285.4,"bid1":68285.3,"ask1":68285.4,"holdVol":572862211,"fundingRate":-8e-06,"indexPrice":68337.73,"fairPrice":68300.9}],"fundingRateNow":-8e-06,"fundingRateHistory":{"pageSize":24,"totalCount":1620,"totalPage":68,"currentPage":1,"resultList":[{"symbol":"BTC_USDT","fundingRate":3.3e-05,"settleTime":1770883200000,"collectCycle":8},{"symbol":"BTC_USDT","fundingRate":-1.3e-05,"settleTime":1770854400000,"collectCycle":8},{"symbol":"BTC_USDT","fundingRate":-1.2e-05,"settleTime":1770825600000,"collectCycle":8},{"symbol":"BTC_USDT","fundingRate":-8.3e-05,"settleTime":1770796800000,"collectCycle":8},{"symbol":"BTC_USDT","fundingRate":1.3e-05,"settleTime":1770768000000,"collectCycle":8},{"symbol":"BTC_USDT","fundingRate":-8.8e-05,"settleTime":1770739200000,"collectCycle":8},{"symbol":"BTC_USDT","fundingRate":-4.7e-05,"settleTime":1770710400000,"collectCycle":8},{"symbol":"BTC_USDT","fundingRate":-9e-05,"settleTime":1770681600000,"collectCycle":8},{"symbol":"BTC_USDT","fundingRate":-4.2e-05,"settleTime":1770652800000,"collectCycle":8},{"symbol":"BTC_USDT","fundingRate":1.7e-05,"settleTime":1770624000000,"collectCycle":8},{"symbol":"BTC_USDT","fundingRate":-2.9e-05,"settleTime":1770595200000,"collectCycle":8},{"symbol":"BTC_USDT","fundingRate":-4.9e-05,"settleTime":1770566400000,"collectCycle":8},{"symbol":"BTC_USDT","fundingRate":-3.5e-05,"settleTime":1770537600000,"collectCycle":8},{"symbol":"BTC_USDT","fundingRate":-3.4e-05,"settleTime":1770508800000,"collectCycle":8},{"symbol":"BTC_USDT","fundingRate":-3e-05,"settleTime":1770480000000,"collectCycle":8},{"symbol":"BTC_USDT","fundingRate":-8.2e-05,"settleTime":1770451200000,"collectCycle":8},{"symbol":"BTC_USDT","fundingRate":-0.000152,"settleTime":1770422400000,"collectCycle":8},{"symbol":"BTC_USDT","fundingRate":-0.000133,"settleTime":1770393600000,"collectCycle":8},{"symbol":"BTC_USDT","fundingRate":-0.000136,"settleTime":1770364800000,"collectCycle":8},{"symbol":"BTC_USDT","fundingRate":-1.3e-05,"settleTime":1770336000000,"collectCycle":8},{"symbol":"BTC_USDT","fundingRate":-4.9e-05,"settleTime":1770307200000,"collectCycle":8},{"symbol":"BTC_USDT","fundingRate":5e-06,"settleTime":1770278400000,"collectCycle":8},{"symbol":"BTC_USDT","fundingRate":9.1e-05,"settleTime":1770249600000,"collectCycle":8},{"symbol":"BTC_USDT","fundingRate":4.6e-05,"settleTime":1770220800000,"collectCycle":8}]}},"orderbook":{"asks":[[68299.8,10853,3],[68299.9,10791,2],[68300,3841,1],[68300.1,4362,1],[68300.2,4247,1],[68300.3,4475,1],[68300.4,4015,1],[68300.5,4301,1],[68300.6,3711,1],[68300.7,4551,1],[68300.8,4898,1],[68300.9,3911,1],[68301,4267,1],[68301.1,3676,1],[68301.2,4386,1],[68301.3,4582,1],[68301.4,4920,1],[68301.5,4336,1],[68301.6,4396,1],[68301.7,3883,1]],"bids":[[68298.3,425,1],[68297,6033,3],[68296.9,8168,2],[68296.8,4127,1],[68296.7,3624,1],[68296.6,3419,1],[68296.5,3627,1],[68296.4,4450,1],[68296.3,5192,2],[68296.2,101330,2],[68296.1,4306,1],[68296,4178,1],[68295.9,3637,1],[68295.8,3701,1],[68295.7,4356,1],[68295.6,3862,1],[68295.5,3874,1],[68295.4,3696,1],[68295.3,4067,1],[68295.2,3809,1]],"version":32379560960,"timestamp":1770904718456},"orderbookHistory":{"depthCommits":[{"asks":[[68335.7,5847,1]],"bids":[],"version":32379561127},{"asks":[],"bids":[[68297.2,0,0]],"version":32379561126},{"asks":[],"bids":[[68242.8,6811,2]],"version":32379561125},{"asks":[],"bids":[[68297.2,822,1]],"version":32379561124},{"asks":[],"bids":[[68298.3,1317,1]],"version":32379561123},{"asks":[],"bids":[[68297.1,5911,1]],"version":32379561122},{"asks":[],"bids":[[68297.1,5917,1]],"version":32379561121},{"asks":[],"bids":[[68297.1,5925,1]],"version":32379561120},{"asks":[[68298.5,4229,1]],"bids":[],"version":32379561119},{"asks":[],"bids":[[68297.1,5932,1]],"version":32379561118},{"asks":[],"bids":[[68297.1,5934,1]],"version":32379561117},{"asks":[[68335.6,0,0]],"bids":[],"version":32379561116},{"asks":[],"bids":[[68298.3,0,0],[68297.1,5940,1]],"version":32379561115},{"asks":[],"bids":[[68298.3,485,1]],"version":32379561114},{"asks":[],"bids":[[68298.3,487,1]],"version":32379561113},{"asks":[[68298.5,9556,2]],"bids":[],"version":32379561112},{"asks":[],"bids":[[68298.3,489,1]],"version":32379561111},{"asks":[],"bids":[[68298.3,491,1]],"version":32379561110},{"asks":[],"bids":[[68298.3,492,1]],"version":32379561109},{"asks":[],"bids":[[68298.3,493,1]],"version":32379561108},{"asks":[[68355.1,0,0]],"bids":[],"version":32379561107},{"asks":[[68335.6,5856,1]],"bids":[],"version":32379561106},{"asks":[],"bids":[[68298.3,1315,2]],"version":32379561105},{"asks":[],"bids":[[68298.3,1370,2]],"version":32379561104},{"asks":[],"bids":[[68297.2,0,0]],"version":32379561103},{"asks":[[68298.4,10211,3]],"bids":[],"version":32379561102},{"asks":[],"bids":[[68298.3,548,1]],"version":32379561101},{"asks":[[68335.7,0,0]],"bids":[],"version":32379561100},{"asks":[[68298.5,4229,1]],"bids":[],"version":32379561099},{"asks":[[68322.7,3512,1]],"bids":[],"version":32379561098},{"asks":[],"bids":[[68298.3,817,1]],"version":32379561097},{"asks":[[68307.8,3089,1]],"bids":[],"version":32379561096},{"asks":[[68298.5,10085,2]],"bids":[],"version":32379561095},{"asks":[[68335.7,5271,1]],"bids":[],"version":32379561094},{"asks":[],"bids":[[68242.8,1,1]],"version":32379561093},{"asks":[[68298.4,11033,4]],"bids":[],"version":32379561092},{"asks":[[68298.4,11855,5]],"bids":[],"version":32379561091},{"asks":[],"bids":[[68297.2,822,1]],"version":32379561090},{"asks":[[68307.1,2775,1]],"bids":[],"version":32379561089},{"asks":[[68322.1,0,0]],"bids":[],"version":32379561088},{"asks":[],"bids":[[68242.8,7304,2]],"version":32379561087},{"asks":[[68298.5,4229,1]],"bids":[],"version":32379561086},{"asks":[[68335.7,0,0]],"bids":[],"version":32379561085},{"asks":[],"bids":[[68298.3,1317,1]],"version":32379561084},{"asks":[],"bids":[[68220,5863,4]],"version":32379561083},{"asks":[[68298.4,11033,4]],"bids":[],"version":32379561082},{"asks":[[68298.4,10211,3]],"bids":[],"version":32379561081},{"asks":[[68298.5,10085,2]],"bids":[],"version":32379561080},{"asks":[],"bids":[[68298.3,0,0],[68297.1,6043,1]],"version":32379561079},{"asks":[[68335.7,5856,1]],"bids":[],"version":32379561078},{"asks":[],"bids":[[68297.1,9770,1]],"version":32379561077},{"asks":[[68299.7,3542,1]],"bids":[],"version":32379561076},{"asks":[],"bids":[[68223.2,6405,1]],"version":32379561075},{"asks":[],"bids":[[68229.9,6016,1]],"version":32379561074},{"asks":[],"bids":[[68239.7,5856,1]],"version":32379561073},{"asks":[],"bids":[[68235.1,8418,1]],"version":32379561072},{"asks":[[68299.7,3727,2]],"bids":[],"version":32379561071},{"asks":[[68299.7,4549,3]],"bids":[],"version":32379561070},{"asks":[],"bids":[[68226.7,5446,1]],"version":32379561069},{"asks":[[68339.8,7378,1]],"bids":[],"version":32379561068}],"polled":{"seconds":60,"stepSec":2.0,"levels":20,"snapshots":[{"timestamp":1770904783410,"version":32379625760,"bids":[[68285.4,13652,9],[68285.3,9642,2],[68285.2,2707,1],[68285.1,7126,2],[68285,2791,1],[68284.9,6532,2],[68284.8,2718,1],[68284.7,7278,2],[68284.6,3012,1],[68284.5,9233,3],[68284.4,3811,2],[68284.3,7286,2],[68284.2,2506,1],[68284.1,7194,2],[68284,2801,1],[68283.9,2977,1],[68283.8,2416,1],[68283.7,3007,1],[68283.1,2744,1],[68283,3855,2]],"asks":[[68285.5,472,1],[68286.7,201,1],[68288.2,16,1],[68288.8,22,1],[68290,24,1],[68292.1,9486,1],[68292.2,4048,1],[68292.3,3469,1],[68292.4,4286,1],[68292.5,4482,1],[68292.6,3675,1],[68292.7,3693,1],[68292.8,4052,1],[68292.9,101495,2],[68293,3788,1],[68293.1,4282,1],[68293.2,3728,1],[68293.3,4376,1],[68293.4,4055,1],[68293.5,4031,1]]},{"timestamp":1770904785468,"version":32379628375,"bids":[[68309.9,9691,7],[68309.5,8668,2],[68309.4,3444,1],[68309.3,3826,1],[68309.2,100994,2],[68309.1,3397,1],[68308,1317,1],[68307.4,4279,1],[68307.2,3805,1],[68307,3734,1],[68305.9,1317,1],[68305.7,4677,1],[68305.5,4294,1],[68305.3,4683,1],[68305.1,3997,1],[68304.9,4167,1],[68304.7,4506,1],[68304.5,4715,1],[68304.3,4119,1],[68304.1,4006,1]],"asks":[[68310,3054,2],[68310.2,12893,2],[68310.3,7803,2],[68310.4,7115,2],[68310.5,3580,1],[68310.6,4295,1],[68310.7,3730,1],[68310.8,4172,1],[68310.9,4379,1],[68311,101016,2],[68311.1,4474,1],[68311.2,3850,1],[68311.3,3943,1],[68311.4,3529,1],[68311.5,4065,1],[68311.6,4193,1],[68311.7,3401,1],[68312.1,4388,1],[68312.2,3807,1],[68312.3,3622,1]]},{"timestamp":1770904787742,"version":32379630255,"bids":[[68308.9,11906,2],[68308.8,7257,2],[68308.7,7897,2],[68308.6,3432,1],[68308.5,4132,1],[68308.4,3648,1],[68308.3,3617,1],[68308.2,4529,1],[68308.1,4239,1],[68308,101456,2],[68307.9,4091,1],[68307.8,4512,1],[68307.7,4227,1],[68307.6,3931,1],[68307.5,3417,1],[68307.4,4026,1],[68307,3801,1],[68306.9,3424,1],[68306.8,3528,1],[68306.7,3472,1]],"asks":[[68309,22380,8],[68309.1,16361,4],[68309.2,3484,2],[68309.5,3566,1],[68309.6,3618,1],[68309.7,4248,1],[68309.8,100894,2],[68309.9,4342,1],[68310,5955,2],[68310.4,3515,1],[68310.5,5280,2],[68310.6,3462,1],[68310.7,3381,1],[68310.8,4194,1],[68310.9,4459,1],[68311,4455,1],[68311.1,4428,1],[68311.2,3428,1],[68311.3,3553,1],[68311.4,4429,1]]},{"timestamp":1770904790101,"version":32379633130,"bids":[[68309,8698,1],[68308.9,4410,1],[68308.8,4148,1],[68308.7,3761,1],[68308.6,3855,1],[68308.5,3631,1],[68308.4,3899,1],[68308.3,3688,1],[68308.2,3917,1],[68308.1,101665,2],[68308,4435,1],[68307.9,4106,1],[68307.8,4325,1],[68307.7,4431,1],[68307.6,4174,1],[68307.5,4117,1],[68307.4,4050,1],[68307.3,3995,1],[68307.2,4268,1],[68307.1,3829,1]],"asks":[[68309.9,8688,5],[68310,1640,1],[68311.7,3972,1],[68311.8,3732,1],[68311.9,4849,1],[68312,4922,1],[68312.1,4156,1],[68313.1,1317,1],[68313.3,8359,1],[68313.4,3946,1],[68313.5,4441,1],[68313.6,3571,1],[68313.7,4146,1],[68313.8,4238,1],[68313.9,9432,2],[68314,9931,2],[68314.1,97401,1],[68314.4,3990,1],[68314.5,4715,2],[68314.6,4185,1]]},{"timestamp":1770904792747,"version":32379635125,"bids":[[68310,8509,3],[68309.4,9940,1],[68309.3,3563,1],[68309.2,4259,1],[68309.1,3393,1],[68309,3485,1],[68308.9,3379,1],[68308.8,4528,1],[68308.7,4224,1],[68308.6,3415,1],[68308.5,101508,2],[68308.4,3758,1],[68308.3,4518,1],[68308.2,3418,1],[68308.1,4421,1],[68308,3884,1],[68307.9,4513,1],[68307.8,3373,1],[68307.7,3587,1],[68307.6,3690,1]],"asks":[[68310.1,3908,1],[68310.2,4224,1],[68310.3,100821,2],[68310.4,4102,1],[68310.5,3758,1],[68310.6,4518,1],[68310.7,3418,1],[68310.8,4421,1],[68310.9,3884,1],[68311,4513,1],[68311.1,3373,1],[68311.2,3587,1],[68311.3,3690,1],[68311.4,4228,1],[68311.5,4481,1],[68311.6,3658,1],[68311.7,3736,1],[68311.8,3852,1],[68311.9,4474,1],[68312,3600,1]]},{"timestamp":1770904794680,"version":32379637240,"bids":[[68316.4,2651,4],[68316.3,1317,1],[68314.9,1317,1],[68313.6,5215,1],[68313.5,1317,1],[68313.4,10745,1],[68313.3,3718,1],[68313.2,3960,1],[68313.1,3799,1],[68313,4077,1],[68312.9,3913,1],[68312.8,3479,1],[68312.7,4154,1],[68312.6,4074,1],[68312.5,101783,2],[68312.4,4484,1],[68312.3,3454,1],[68312.2,4420,1],[68312.1,4866,2],[68312,3924,1]],"asks":[[68318.9,822,1],[68319.4,2458,1],[68319.5,25845,2],[68319.6,4500,1],[68319.7,5653,2],[68319.8,4514,1],[68319.9,4663,1],[68320,4991,4],[68320.2,2487,1],[68320.3,2962,1],[68320.4,2468,1],[68320.5,2412,1],[68320.6,2616,1],[68320.7,2262,1],[68320.8,2733,1],[68320.9,2842,1],[68321,2724,1],[68321.1,4247,2],[68321.2,2879,1],[68321.3,2472,1]]},{"timestamp":1770904797143,"version":32379640325,"bids":[[68334.1,11432,2],[68333.5,2466,3],[68333.4,1317,1],[68332,1317,1],[68330.7,6212,1],[68330.6,1317,1],[68328.5,1317,1],[68328,6034,1],[68327.9,23493,2],[68327.3,945,1],[68327.2,8657,2],[68327.1,2907,1],[68327,2572,1],[68326.9,3888,2],[68326.8,2293,1],[68326.7,3013,1],[68326.6,2309,1],[68326.5,2779,1],[68326.4,2946,1],[68326.3,2357,1]],"asks":[[68334.2,8420,1],[68334.3,3900,1],[68334.4,7542,2],[68334.5,4239,1],[68334.6,4395,1],[68334.7,4058,1],[68334.8,4038,1],[68334.9,3457,1],[68335,100999,2],[68335.1,4230,1],[68335.2,4511,1],[68335.3,4269,1],[68335.4,4345,1],[68335.5,3687,1],[68335.6,3391,1],[68335.7,3903,1],[68335.8,4063,1],[68335.9,3616,1],[68336,4508,1],[68336.1,4008,1]]},{"timestamp":1770904799184,"version":32379641880,"bids":[[68339.9,10070,3],[68339.8,4198,1],[68339.7,3811,1],[68339.6,3451,1],[68339.5,3885,1],[68339.4,3978,1],[68339.3,4164,1],[68339.2,3590,1],[68339.1,3987,1],[68339,101391,2],[68338.9,4068,1],[68338.8,4135,1],[68338.7,3818,1],[68338.6,3523,1],[68338.5,3825,1],[68338.4,4328,1],[68338.3,3614,1],[68338.2,4117,1],[68338.1,3497,1],[68338,4261,1]],"asks":[[68340,11455,2],[68340.1,7843,2],[68340.2,8111,2],[68340.3,3901,1],[68340.4,3756,1],[68340.5,4430,1],[68340.6,3620,1],[68340.8,97363,1],[68341,4068,1],[68341.1,4135,1],[68341.2,3818,1],[68341.3,3523,1],[68341.4,3825,1],[68341.5,4328,1],[68341.6,3614,1],[68341.7,4117,1],[68341.8,3497,1],[68341.9,4261,1],[68342,4315,1],[68342.1,4183,1]]},{"timestamp":1770904801533,"version":32379645520,"bids":[[68329.7,97376,1],[68327.9,4507,1],[68327.7,7534,2],[68327.5,4431,1],[68324.4,27996,2],[68324.3,1644,2],[68323.8,5036,2],[68323.7,5429,2],[68323.6,5338,2],[68323.5,3010,3],[68323.4,6742,2],[68323.2,4878,1],[68323,6612,2],[68322.9,2651,1],[68322.8,7561,2],[68322.7,2268,1],[68322.6,6954,2],[68322.5,2787,1],[68322.4,6217,2],[68322.3,2296,1]],"asks":[[68329.9,2466,3],[68330,1594,3],[68330.7,9688,1],[68330.8,4426,1],[68330.9,4331,1],[68331,9295,2],[68331.1,3446,1],[68331.2,3964,1],[68331.3,4478,1],[68331.4,4694,2],[68331.5,101101,2],[68331.6,4335,1],[68331.7,3838,1],[68331.8,4307,1],[68331.9,4377,1],[68332,4468,1],[68332.1,3740,1],[68332.2,3534,1],[68332.3,4342,1],[68332.4,4473,1]]},{"timestamp":1770904803935,"version":32379651905,"bids":[[68353.5,5892,1],[68352,1317,1],[68350.8,5234,2],[68350.7,4579,2],[68350.6,6644,3],[68350.5,2673,1],[68350.4,2667,1],[68350.3,2979,1],[68350.2,2730,1],[68349.8,2524,1],[68349.7,2338,1],[68349.6,2574,1],[68349.5,2952,1],[68349.4,2415,1],[68349.3,2501,1],[68349.2,4300,2],[68349.1,2283,1],[68349,2991,1],[68348.9,2441,1],[68348.8,2462,1]],"asks":[[68354.5,7666,2],[68354.7,2501,1],[68354.8,26556,2],[68354.9,4137,1],[68355,4179,2],[68355.1,3708,1],[68355.2,3819,1],[68355.3,4572,1],[68355.4,4804,1],[68355.5,4700,1],[68355.6,3971,1],[68355.7,4033,1],[68355.8,4642,1],[68355.9,4289,1],[68357.7,8631,1],[68357.8,4955,2],[68357.9,3892,2],[68358.2,3548,1],[68358.3,3795,1],[68358.4,4252,1]]},{"timestamp":1770904806051,"version":32379655405,"bids":[[68369.8,12680,4],[68369.7,12056,3],[68368.6,1317,1],[68367.2,1317,1],[68367,822,1],[68365.5,1317,1],[68363.2,5745,1],[68362.9,4558,1],[68362.8,2393,1],[68362.7,7297,2],[68362.6,2434,1],[68362.5,7135,2],[68362.4,2298,1],[68362.3,6351,2],[68362.2,8049,2],[68362.1,7591,2],[68362,2694,1],[68361.9,6994,2],[68361.8,2487,1],[68361.7,6491,2]],"asks":[[68369.9,4488,3],[68370,4108,5],[68370.1,4387,1],[68370.2,3857,1],[68370.3,4063,1],[68370.4,4072,1],[68370.5,101028,2],[68370.6,4187,1],[68370.7,4089,2],[68370.8,3435,1],[68370.9,3946,1],[68371,3977,1],[68371.1,3400,1],[68371.2,3795,1],[68371.3,3686,1],[68371.4,4045,1],[68371.5,3759,1],[68371.6,4153,1],[68371.7,3463,1],[68371.8,4448,1]]},{"timestamp":1770904808278,"version":32379658245,"bids":[[68378.8,4029,1],[68378.6,4236,1],[68378.4,3848,1],[68378.2,3848,1],[68378,4811,1],[68377.8,4670,1],[68377.6,4761,1],[68377.4,4464,1],[68377.2,3900,1],[68377,4137,1],[68376.8,4827,1],[68376.6,3829,1],[68376.4,4184,1],[68376.2,4321,1],[68376,4000,1],[68375.3,21937,1],[68374.8,13413,2],[68374.7,11877,3],[68374.6,7944,2],[68374.5,7867,2]],"asks":[[68380.2,185,1],[68380.3,498,1],[68380.4,12099,4],[68381.5,5761,1],[68381.6,2555,2],[68381.7,2422,1],[68381.8,4111,2],[68381.9,2763,2],[68382,2910,1],[68382.1,2806,1],[68382.2,2735,1],[68382.3,2996,1],[68382.4,2963,2],[68382.5,2917,1],[68382.6,2609,1],[68382.7,2264,1],[68382.8,2665,1],[68382.9,2493,1],[68383,2325,1],[68383.1,2803,1]]},{"timestamp":1770904810553,"version":32379662375,"bids":[[68362.2,3740,1],[68362,4243,1],[68361.8,4339,1],[68361.6,4715,1],[68361.4,4384,1],[68361.2,3752,1],[68361,4267,1],[68360.8,4298,1],[68360.6,4564,1],[68360.4,4356,1],[68360.2,4560,1],[68360,4220,3],[68359.9,21942,1],[68359.8,4172,1],[68359.6,3804,1],[68359.4,3688,1],[68359.2,3912,1],[68359,4470,1],[68358.8,4238,1],[68358.6,4867,1]],"asks":[[68362.3,2978,1],[68362.4,2945,1],[68362.5,2649,1],[68362.7,2412,1],[68362.8,2802,1],[68362.9,7155,3],[68363.1,5838,2],[68363.2,2401,1],[68363.3,13840,3],[68363.4,2317,1],[68363.5,14267,3],[68363.6,2728,1],[68363.7,2890,1],[68363.8,2757,1],[68363.9,2558,1],[68364,8321,2],[68364.1,2581,1],[68364.2,2316,2],[68364.3,2900,1],[68364.4,2929,1]]},{"timestamp":1770904812661,"version":32379665415,"bids":[[68328.9,7040,1],[68328.8,8610,5],[68328.7,1317,1],[68327,5855,2],[68326.2,9042,1],[68326.1,3491,1],[68326,3796,1],[68325.9,3593,1],[68325.8,4522,1],[68325.7,3592,1],[68325.6,3775,1],[68325.5,3879,1],[68325.4,4167,1],[68325.3,101034,2],[68325.2,3463,1],[68325.1,4337,1],[68325,4230,1],[68324.9,4297,1],[68324.8,4244,1],[68324.7,3912,1]],"asks":[[68329,666,1],[68329.1,4573,1],[68329.2,3916,1],[68329.3,4396,1],[68329.4,4738,1],[68329.5,4784,1],[68329.6,4069,1],[68329.7,4499,1],[68329.8,4187,1],[68329.9,4830,1],[68330,4682,1],[68330.1,3748,1],[68330.2,4314,1],[68330.3,4633,1],[68330.4,3829,1],[68330.5,3871,1],[68330.6,4169,1],[68330.7,4222,1],[68330.8,4684,1],[68330.9,4337,1]]},{"timestamp":1770904814797,"version":32379669315,"bids":[[68297.4,1007,2],[68297.3,2440,1],[68297.1,4057,1],[68297,1317,1],[68296.9,3653,1],[68296.7,4001,1],[68296.5,4345,1],[68296.3,4000,1],[68296.1,4547,1],[68295.9,3756,1],[68295.7,4796,1],[68295.5,4624,1],[68295.3,4036,1],[68295.1,4489,1],[68294.9,4751,1],[68294.7,4507,1],[68294.5,4856,1],[68294.4,1317,1],[68294.3,4157,1],[68294.2,1,1]],"asks":[[68299.8,4953,2],[68299.9,4931,2],[68300,4907,2],[68300.1,2962,1],[68300.2,2826,1],[68300.3,2823,1],[68300.4,2938,1],[68300.5,2712,1],[68300.6,2349,1],[68300.7,9096,2],[68300.8,2261,1],[68300.9,2909,1],[68301,2617,1],[68301.1,2249,1],[68301.2,2625,1],[68301.3,2710,1],[68301.4,2981,1],[68301.5,2283,1],[68301.9,2397,1],[68302,2608,1]]},{"timestamp":1770904817312,"version":32379672140,"bids":[[68301.1,1317,1],[68300.5,6201,3],[68300.4,5264,2],[68300.3,5399,2],[68300.2,3014,1],[68300.1,2741,1],[68300,2813,1],[68299.9,2940,1],[68299.8,2949,1],[68299.7,2828,1],[68299.6,3736,2],[68299.5,2784,1],[68299.4,2913,1],[68299.3,2243,1],[68299.2,2428,1],[68299.1,2806,1],[68299,2642,1],[68298.9,2817,1],[68298.8,2588,1],[68298.7,2485,1]],"asks":[[68301.7,4246,1],[68301.8,12239,2],[68301.9,3819,1],[68302,3842,1],[68302.1,4311,1],[68302.2,4781,1],[68302.3,4841,1],[68302.4,4405,1],[68302.5,4228,1],[68302.6,4785,1],[68302.7,4019,1],[68302.8,4036,1],[68302.9,4282,1],[68303,3940,1],[68303.1,26322,2],[68303.2,4449,1],[68303.3,3809,1],[68303.4,4353,1],[68303.5,4712,1],[68303.6,4896,1]]},{"timestamp":1770904819414,"version":32379674290,"bids":[[68294.1,822,1],[68293.9,4166,1],[68293.7,1323,2],[68293.2,5594,1],[68293.1,4812,1],[68293,13880,2],[68292.9,13139,3],[68292.8,7641,2],[68292.7,7976,2],[68292.6,4237,1],[68292.5,7444,2],[68292.4,3463,1],[68292.3,9170,3],[68292.2,4160,1],[68292.1,105007,3],[68292,4353,2],[68291.9,8471,2],[68291.8,3510,1],[68291.7,8502,2],[68291.6,4384,1]],"asks":[[68294.2,1829,3],[68294.4,15,1],[68294.5,3521,1],[68294.6,3616,1],[68294.7,3694,1],[68294.8,4040,1],[68294.9,3861,1],[68295,4380,1],[68295.1,3656,1],[68295.2,4257,1],[68295.3,3401,1],[68295.4,4397,1],[68295.5,4250,1],[68295.6,3411,1],[68295.7,4237,1],[68295.8,3407,1],[68295.9,3463,1],[68296,4148,1],[68296.1,4160,1],[68296.2,3824,1]]},{"timestamp":1770904821732,"version":32379676370,"bids":[[68283.9,8233,1],[68283.8,4377,1],[68283.7,3925,1],[68283.6,3881,1],[68283.5,3879,1],[68283.4,3980,1],[68283.3,4201,1],[68283.2,3688,1],[68283.1,3956,1],[68283,101565,2],[68282.9,5402,2],[68282.8,4274,1],[68282.7,4282,1],[68282.6,4007,1],[68282.5,3981,1],[68282.4,4135,1],[68282.3,4060,1],[68282.2,4003,1],[68282.1,3955,1],[68282,4420,1]],"asks":[[68284,6628,4],[68284.1,9971,2],[68284.2,3925,1],[68284.3,3881,1],[68284.4,3879,1],[68284.5,3980,1],[68284.6,4201,1],[68284.7,3688,1],[68284.8,101398,2],[68284.9,4123,1],[68285,4085,1],[68285.1,4274,1],[68285.2,4282,1],[68285.3,4007,1],[68285.4,3981,1],[68285.5,4135,1],[68285.6,4060,1],[68285.7,4003,1],[68285.8,3955,1],[68285.9,4420,1]]},{"timestamp":1770904823847,"version":32379679095,"bids":[[68276.4,2730,1],[68276.3,5541,2],[68276.2,7084,3],[68276.1,2979,1],[68276,2844,1],[68275.9,2948,1],[68275.8,2483,1],[68275.7,2547,1],[68275.6,2655,1],[68275.5,2672,1],[68275.4,2461,1],[68275.3,2673,1],[68275.2,3025,1],[68275.1,2382,1],[68275,2304,1],[68274.9,2615,1],[68274.8,2444,1],[68274.7,2296,1],[68274.4,1317,1],[68274.3,2759,1]],"asks":[[68276.7,4589,1],[68276.8,3699,1],[68276.9,3831,1],[68283.3,9257,1],[68283.4,3947,1],[68283.5,8197,2],[68283.6,4243,1],[68283.7,3417,1],[68283.8,3495,1],[68283.9,4510,1],[68284,3567,1],[68284.1,101674,2],[68284.5,3783,1],[68284.6,3916,1],[68284.7,3833,1],[68284.8,3738,1],[68284.9,3782,1],[68285,3459,1],[68285.1,3639,1],[68285.2,3830,1]]},{"timestamp":1770904826064,"version":32379681530,"bids":[[68276.5,15505,7],[68275.1,1317,1],[68273.7,10302,3],[68271.6,1317,1],[68271.5,4898,1],[68271.3,4155,1],[68271.1,4894,1],[68270.9,4585,2],[68270.7,4709,1],[68270.5,4651,1],[68270.4,21971,1],[68270.3,4655,1],[68270.1,3960,1],[68270,2,1],[68269.9,4299,1],[68269.8,2337,1],[68269.7,7162,2],[68269.6,2671,1],[68269.5,6740,2],[68269.4,2854,1]],"asks":[[68276.6,6601,1],[68276.7,15273,2],[68276.8,7828,2],[68276.9,7408,2],[68277,4348,1],[68277.1,3439,1],[68277.2,3999,1],[68277.3,3747,1],[68277.4,4276,1],[68277.5,101441,2],[68277.6,3539,1],[68277.7,4491,1],[68277.8,3831,1],[68278.2,3374,1],[68278.3,3755,1],[68278.4,4263,1],[68278.5,3812,1],[68278.6,4095,1],[68278.7,3557,1],[68278.8,3364,1]]},{"timestamp":1770904828349,"version":32379684460,"bids":[[68254.7,822,1],[68254.5,6682,1],[68254.4,3793,1],[68254.3,4231,1],[68254.2,4521,1],[68254.1,4856,2],[68254,3486,1],[68253.9,3611,1],[68253.8,3942,1],[68253.7,3694,1],[68253.6,101859,3],[68253.5,3764,1],[68253.4,3894,1],[68253.3,3833,1],[68253.2,3455,2],[68253.1,3853,1],[68253,3683,1],[68252.9,3912,1],[68252.8,3921,1],[68252.7,3500,1]],"asks":[[68257,1644,2],[68257.1,6327,3],[68257.2,4493,1],[68257.3,4717,1],[68257.4,4145,1],[68257.5,3941,1],[68257.6,3781,1],[68257.7,4607,1],[68257.8,4484,1],[68257.9,4862,1],[68258,4555,1],[68258.1,4335,1],[68258.2,4559,1],[68258.3,4153,1],[68258.4,3874,1],[68258.5,3987,1],[68258.6,4852,1],[68258.7,5232,2],[68258.8,4826,1],[68258.9,4885,1]]},{"timestamp":1770904830575,"version":32379685915,"bids":[[68250,15435,3],[68249.9,3753,1],[68249.8,3758,1],[68249.7,3564,1],[68249.6,3937,1],[68249.5,4030,1],[68249.4,3724,1],[68249.3,3675,1],[68249.2,4488,2],[68249.1,101784,2],[68249,4192,1],[68248.9,3857,1],[68248.8,4035,1],[68248.7,4411,1],[68248.6,4189,1],[68248.5,3735,1],[68248.4,4235,2],[68248.3,4471,1],[68248.2,4322,1],[68248.1,3518,1]],"asks":[[68250.1,6815,5],[68251,1317,1],[68251.3,5651,1],[68251.4,4411,1],[68251.5,4189,1],[68251.6,3735,1],[68251.7,4233,1],[68251.8,4471,1],[68251.9,4322,1],[68252,3518,1],[68252.1,4231,1],[68252.2,4311,1],[68252.3,3974,1],[68252.4,3961,1],[68252.5,3757,1],[68252.6,4759,2],[68252.7,8140,2],[68252.8,4553,1],[68252.9,3690,1],[68253,4838,1]]},{"timestamp":1770904832957,"version":32379688885,"bids":[[68273.7,10686,6],[68273.6,8434,2],[68273.4,4770,1],[68273.2,4619,1],[68273,4694,1],[68272.8,4838,1],[68272.6,4702,1],[68272.4,3834,1],[68272.2,4117,1],[68272,4517,1],[68271.8,4144,1],[68271.6,4766,1],[68271.5,822,1],[68271.4,4917,3],[68271.2,6080,2],[68271,3761,1],[68270.8,4423,1],[68270.6,3931,1],[68270.4,4451,1],[68270.3,21971,1]],"asks":[[68273.8,514,1],[68276.6,8435,1],[68276.7,4330,1],[68276.8,4158,1],[68276.9,4235,1],[68277,4080,1],[68277.1,3785,1],[68277.2,3379,1],[68277.3,3912,1],[68277.4,101511,2],[68277.5,4194,1],[68277.6,3925,1],[68277.7,3423,1],[68277.8,4033,1],[68277.9,3631,1],[68278,4280,1],[68278.1,3535,1],[68278.2,4530,1],[68278.3,4278,1],[68278.4,3507,1]]},{"timestamp":1770904835126,"version":32379691360,"bids":[[68278.5,3659,1],[68278.4,4798,1],[68278.3,3807,1],[68278.2,4350,1],[68278.1,4685,1],[68278,4258,1],[68277.8,4427,1],[68277.6,4550,1],[68277.4,4809,1],[68277.2,4725,1],[68277,4612,1],[68276.8,4614,1],[68276.6,4578,1],[68276.4,4118,1],[68276.2,4419,1],[68276,4272,1],[68275.8,3814,1],[68275.6,3878,1],[68275.4,4529,1],[68275.3,10289,1]],"asks":[[68278.6,14428,3],[68278.7,4213,1],[68278.8,3760,1],[68278.9,3592,1],[68279,4283,1],[68279.1,4240,1],[68279.2,3439,1],[68279.6,10864,2],[68279.7,1317,1],[68279.9,2466,3],[68280,15,1],[68281.1,1317,1],[68282.1,2904,1],[68282.2,2549,1],[68282.3,2748,1],[68282.4,2609,1],[68282.5,2264,1],[68282.6,3705,2],[68282.7,2865,1],[68283.1,3020,1]]},{"timestamp":1770904837093,"version":32379693855,"bids":[[68267.3,7396,4],[68267.2,10154,1],[68267.1,3432,1],[68267,3780,1],[68266.9,3504,1],[68266.8,4153,1],[68266.7,3703,1],[68266.6,4493,1],[68266.5,3443,1],[68266.4,3563,1],[68266.3,100906,2],[68266.2,3673,1],[68266.1,4741,2],[68266,3734,1],[68265.9,4043,1],[68265.8,4034,1],[68265.7,4073,1],[68265.6,4307,1],[68265.5,4511,1],[68265.4,3638,1]],"asks":[[68267.4,3432,1],[68267.5,3780,1],[68267.6,3504,1],[68267.7,4153,1],[68267.8,3703,1],[68267.9,4493,1],[68268,3443,1],[68268.1,101029,2],[68268.2,3440,1],[68268.3,3673,1],[68268.4,3424,1],[68268.5,3734,1],[68268.6,4043,1],[68268.7,4034,1],[68268.8,4073,1],[68268.9,4307,1],[68269,4511,1],[68269.1,3638,1],[68269.2,4419,1],[68269.3,4153,1]]},{"timestamp":1770904839582,"version":32379696340,"bids":[[68269.2,13779,5],[68268.3,271,1],[68267.9,271,1],[68267.2,10762,2],[68266.9,1313,1],[68264.8,3621,2],[68264.7,2434,1],[68264.6,2310,1],[68264.5,2408,1],[68264.4,2983,1],[68264.3,2762,1],[68264.2,2670,1],[68264,5503,1],[68263.9,16,1],[68263.8,2507,1],[68263.7,2817,1],[68263.6,2326,1],[68263.5,2629,1],[68263.4,2552,1],[68263.3,2636,1]],"asks":[[68269.3,3219,1],[68269.4,3994,1],[68269.5,4461,1],[68269.6,3805,1],[68270,3790,1],[68270.1,4649,1],[68270.2,3988,1],[68270.3,3834,1],[68270.4,4882,1],[68270.5,4518,1],[68270.6,4217,1],[68270.7,4364,1],[68270.8,4698,1],[68270.9,3886,1],[68271,3685,1],[68271.1,3690,1],[68271.2,4795,1],[68271.3,26585,2],[68271.4,4489,1],[68271.5,4072,1]]},{"timestamp":1770904841806,"version":32379699300,"bids":[[68295,6699,1],[68293.6,822,1],[68293.5,16234,5],[68293.4,4457,1],[68293.3,4096,1],[68293.2,4500,1],[68293.1,3635,1],[68293,4195,1],[68292.9,3872,1],[68292.8,3437,1],[68292.7,4176,1],[68292.6,4493,1],[68292.5,3695,1],[68292.4,3578,1],[68292.3,4002,1],[68292.2,3746,1],[68292.1,3871,1],[68292,3417,1],[68291.9,11921,3],[68291.8,4400,1]],"asks":[[68295.1,2546,1],[68295.2,3748,1],[68295.3,3458,1],[68295.4,4453,1],[68295.5,101310,2],[68295.6,4408,1],[68295.7,4861,2],[68295.8,4138,1],[68295.9,4457,1],[68296,4096,1],[68296.1,4500,1],[68296.2,3635,1],[68296.3,4195,1],[68296.4,3872,1],[68296.5,3437,1],[68296.6,4176,1],[68296.7,4493,1],[68296.8,3695,1],[68296.9,3578,1],[68297,4002,1]]}]}},"trades":[{"p":68297.1,"v":6,"T":2,"O":3,"M":2,"t":1770904718883,"i":"13358189621"},{"p":68297.1,"v":8,"T":2,"O":3,"M":2,"t":1770904718874,"i":"13358189620"},{"p":68297.1,"v":7,"T":2,"O":3,"M":2,"t":1770904718874,"i":"13358189619"},{"p":68297.1,"v":2,"T":2,"O":3,"M":2,"t":1770904718868,"i":"13358189618"},{"p":68297.1,"v":6,"T":2,"O":3,"M":2,"t":1770904718859,"i":"13358189617"},{"p":68297.1,"v":103,"T":2,"O":3,"M":2,"t":1770904718854,"i":"13358189616"},{"p":68298.3,"v":485,"T":2,"O":1,"M":2,"t":1770904718854,"i":"13358189615"},{"p":68298.3,"v":2,"T":2,"O":1,"M":2,"t":1770904718849,"i":"13358189614"},{"p":68298.3,"v":2,"T":2,"O":1,"M":2,"t":1770904718846,"i":"13358189613"},{"p":68298.3,"v":2,"T":2,"O":1,"M":2,"t":1770904718843,"i":"13358189612"},{"p":68298.3,"v":1,"T":2,"O":1,"M":2,"t":1770904718843,"i":"13358189611"},{"p":68298.3,"v":1,"T":2,"O":1,"M":2,"t":1770904718841,"i":"13358189610"},{"p":68298.3,"v":55,"T":2,"O":1,"M":2,"t":1770904718805,"i":"13358189609"},{"p":68298.3,"v":269,"T":2,"O":3,"M":2,"t":1770904718772,"i":"13358189595"},{"p":68298.3,"v":500,"T":2,"O":1,"M":2,"t":1770904718728,"i":"13358189591"},{"p":68297.1,"v":3727,"T":2,"O":3,"M":2,"t":1770904718577,"i":"13358189550"},{"p":68298.3,"v":1273,"T":2,"O":1,"M":2,"t":1770904718577,"i":"13358189549"},{"p":68298.3,"v":44,"T":2,"O":1,"M":2,"t":1770904718535,"i":"13358189546"},{"p":68297.1,"v":78,"T":2,"O":3,"M":2,"t":1770904718508,"i":"13358189544"},{"p":68297,"v":2787,"T":2,"O":1,"M":2,"t":1770904718482,"i":"13358189540"},{"p":68297,"v":803,"T":2,"O":3,"M":2,"t":1770904718482,"i":"13358189539"},{"p":68298.3,"v":425,"T":2,"O":1,"M":2,"t":1770904718482,"i":"13358189538"},{"p":68298.3,"v":743,"T":2,"O":1,"M":2,"t":1770904718452,"i":"13358189534"},{"p":68298.4,"v":822,"T":2,"O":1,"M":2,"t":1770904718452,"i":"13358189533"},{"p":68299.7,"v":640,"T":2,"O":1,"M":2,"t":1770904718452,"i":"13358189532"},{"p":68299.7,"v":677,"T":2,"O":1,"M":2,"t":1770904718292,"i":"13358189514"},{"p":68298.3,"v":149,"T":2,"O":3,"M":2,"t":1770904718228,"i":"13358189501"},{"p":68299.7,"v":1317,"T":2,"O":3,"M":2,"t":1770904718228,"i":"13358189500"},{"p":68297.1,"v":50,"T":1,"O":1,"M":2,"t":1770904718088,"i":"13358189456"},{"p":68297.1,"v":4,"T":1,"O":3,"M":1,"t":1770904718076,"i":"13358189455"},{"p":68297,"v":526,"T":2,"O":2,"M":2,"t":1770904718054,"i":"13358189454"},{"p":68297,"v":252,"T":2,"O":3,"M":2,"t":1770904717952,"i":"13358189450"},{"p":68297,"v":1931,"T":2,"O":2,"M":2,"t":1770904717799,"i":"13358189448"},{"p":68297.1,"v":3620,"T":2,"O":3,"M":2,"t":1770904717799,"i":"13358189447"},{"p":68297.1,"v":10401,"T":2,"O":2,"M":2,"t":1770904717799,"i":"13358189446"},{"p":68297.1,"v":1,"T":2,"O":2,"M":2,"t":1770904717795,"i":"13358189445"},{"p":68297.1,"v":1,"T":2,"O":2,"M":2,"t":1770904717793,"i":"13358189444"},{"p":68297.1,"v":1,"T":2,"O":2,"M":2,"t":1770904717792,"i":"13358189443"},{"p":68297.1,"v":360,"T":2,"O":3,"M":2,"t":1770904717777,"i":"13358189439"},{"p":68299.7,"v":142,"T":2,"O":1,"M":2,"t":1770904717776,"i":"13358189438"},{"p":68300,"v":5,"T":2,"O":1,"M":2,"t":1770904717776,"i":"13358189437"},{"p":68300,"v":1,"T":2,"O":3,"M":2,"t":1770904717776,"i":"13358189436"},{"p":68300.8,"v":83,"T":2,"O":1,"M":2,"t":1770904717776,"i":"13358189435"},{"p":68300.8,"v":1,"T":2,"O":3,"M":2,"t":1770904717776,"i":"13358189434"},{"p":68300.8,"v":1,"T":2,"O":3,"M":2,"t":1770904717776,"i":"13358189433"},{"p":68300.8,"v":1,"T":2,"O":3,"M":2,"t":1770904717775,"i":"13358189432"},{"p":68300.8,"v":1,"T":2,"O":3,"M":2,"t":1770904717775,"i":"13358189431"},{"p":68300.8,"v":1,"T":2,"O":3,"M":2,"t":1770904717775,"i":"13358189430"},{"p":68302.6,"v":3,"T":2,"O":3,"M":2,"t":1770904717774,"i":"13358189429"},{"p":68302.6,"v":1,"T":2,"O":3,"M":2,"t":1770904717774,"i":"13358189428"},{"p":68302.6,"v":2,"T":2,"O":3,"M":2,"t":1770904717773,"i":"13358189427"},{"p":68302.6,"v":4,"T":2,"O":3,"M":2,"t":1770904717771,"i":"13358189426"},{"p":68302.6,"v":1,"T":2,"O":3,"M":2,"t":1770904717771,"i":"13358189425"},{"p":68302.6,"v":8,"T":2,"O":3,"M":2,"t":1770904717771,"i":"13358189424"},{"p":68302.6,"v":1,"T":2,"O":3,"M":2,"t":1770904717771,"i":"13358189423"},{"p":68302.6,"v":1,"T":2,"O":3,"M":2,"t":1770904717771,"i":"13358189422"},{"p":68302.6,"v":1,"T":2,"O":3,"M":2,"t":1770904717771,"i":"13358189421"},{"p":68302.6,"v":1,"T":2,"O":3,"M":2,"t":1770904717771,"i":"13358189420"},{"p":68302.6,"v":1,"T":2,"O":3,"M":2,"t":1770904717771,"i":"13358189419"},{"p":68302.6,"v":13,"T":2,"O":3,"M":2,"t":1770904717771,"i":"13358189418"},{"p":68302.6,"v":1,"T":2,"O":3,"M":2,"t":1770904717771,"i":"13358189417"},{"p":68302.6,"v":1,"T":2,"O":3,"M":2,"t":1770904717771,"i":"13358189416"},{"p":68302.6,"v":2,"T":2,"O":3,"M":2,"t":1770904717771,"i":"13358189415"},{"p":68302.6,"v":5,"T":2,"O":3,"M":2,"t":1770904717769,"i":"13358189413"},{"p":68302.6,"v":1,"T":2,"O":3,"M":2,"t":1770904717768,"i":"13358189412"},{"p":68302.6,"v":1,"T":2,"O":3,"M":2,"t":1770904717768,"i":"13358189411"},{"p":68302.6,"v":1,"T":2,"O":3,"M":2,"t":1770904717768,"i":"13358189410"},{"p":68302.6,"v":1,"T":2,"O":3,"M":2,"t":1770904717768,"i":"13358189409"},{"p":68302.6,"v":1,"T":2,"O":3,"M":2,"t":1770904717768,"i":"13358189408"},{"p":68302.6,"v":1,"T":2,"O":3,"M":2,"t":1770904717768,"i":"13358189407"},{"p":68302.6,"v":2,"T":2,"O":3,"M":2,"t":1770904717768,"i":"13358189406"},{"p":68302.6,"v":1,"T":2,"O":3,"M":2,"t":1770904717768,"i":"13358189405"},{"p":68302.6,"v":1,"T":2,"O":3,"M":2,"t":1770904717768,"i":"13358189404"},{"p":68302.6,"v":1,"T":2,"O":3,"M":2,"t":1770904717768,"i":"13358189403"},{"p":68302.6,"v":1,"T":2,"O":3,"M":2,"t":1770904717768,"i":"13358189402"},{"p":68302.6,"v":1,"T":2,"O":3,"M":2,"t":1770904717767,"i":"13358189401"},{"p":68302.6,"v":1,"T":2,"O":3,"M":2,"t":1770904717767,"i":"13358189400"},{"p":68302.6,"v":1,"T":2,"O":3,"M":2,"t":1770904717767,"i":"13358189399"},{"p":68302.6,"v":35,"T":2,"O":3,"M":2,"t":1770904717767,"i":"13358189398"},{"p":68302.6,"v":1,"T":2,"O":3,"M":2,"t":1770904717766,"i":"13358189397"},{"p":68302.6,"v":1,"T":2,"O":3,"M":2,"t":1770904717766,"i":"13358189396"},{"p":68302.6,"v":20,"T":2,"O":3,"M":2,"t":1770904717766,"i":"13358189395"},{"p":68302.6,"v":1,"T":2,"O":3,"M":2,"t":1770904717766,"i":"13358189394"},{"p":68302.6,"v":1,"T":2,"O":3,"M":2,"t":1770904717766,"i":"13358189393"},{"p":68302.6,"v":1,"T":2,"O":3,"M":2,"t":1770904717766,"i":"13358189392"},{"p":68302.6,"v":1,"T":2,"O":3,"M":2,"t":1770904717766,"i":"13358189391"},{"p":68302.6,"v":28,"T":2,"O":3,"M":2,"t":1770904717766,"i":"13358189390"},{"p":68302.6,"v":1,"T":2,"O":3,"M":2,"t":1770904717766,"i":"13358189389"},{"p":68302.6,"v":50,"T":2,"O":3,"M":2,"t":1770904717766,"i":"13358189388"},{"p":68302.6,"v":1,"T":2,"O":3,"M":2,"t":1770904717766,"i":"13358189387"},{"p":68302.6,"v":1,"T":2,"O":3,"M":2,"t":1770904717763,"i":"13358189386"},{"p":68302.6,"v":1,"T":2,"O":3,"M":2,"t":1770904717763,"i":"13358189385"},{"p":68302.6,"v":1,"T":2,"O":3,"M":2,"t":1770904717763,"i":"13358189384"},{"p":68302.6,"v":1,"T":2,"O":3,"M":2,"t":1770904717763,"i":"13358189383"},{"p":68302.6,"v":2,"T":2,"O":3,"M":2,"t":1770904717760,"i":"13358189382"},{"p":68302.6,"v":1,"T":2,"O":3,"M":2,"t":1770904717760,"i":"13358189381"},{"p":68302.6,"v":1,"T":2,"O":3,"M":2,"t":1770904717760,"i":"13358189380"},{"p":68302.6,"v":12,"T":2,"O":3,"M":2,"t":1770904717758,"i":"13358189379"},{"p":68302.6,"v":3,"T":2,"O":3,"M":2,"t":1770904717758,"i":"13358189378"},{"p":68302.6,"v":3,"T":2,"O":3,"M":2,"t":1770904717758,"i":"13358189377"}],"klines":{"1m":[{"ts":"2026-02-12T09:59:00Z","o":67557.4,"h":67577.7,"l":67508.9,"c":67517.7,"v":275973.0},{"ts":"2026-02-12T10:00:00Z","o":67517.7,"h":67520.1,"l":67482.3,"c":67510.4,"v":406128.0},{"ts":"2026-02-12T10:01:00Z","o":67510.4,"h":67514.4,"l":67484.6,"c":67496.0,"v":238997.0},{"ts":"2026-02-12T10:02:00Z","o":67496.0,"h":67535.9,"l":67480.0,"c":67532.8,"v":222334.0},{"ts":"2026-02-12T10:03:00Z","o":67532.8,"h":67580.0,"l":67513.8,"c":67514.5,"v":423518.0},{"ts":"2026-02-12T10:04:00Z","o":67514.5,"h":67534.3,"l":67507.3,"c":67519.9,"v":374809.0},{"ts":"2026-02-12T10:05:00Z","o":67519.9,"h":67566.0,"l":67491.6,"c":67530.1,"v":133676.0},{"ts":"2026-02-12T10:06:00Z","o":67530.1,"h":67557.9,"l":67501.1,"c":67557.9,"v":81444.0},{"ts":"2026-02-12T10:07:00Z","o":67557.9,"h":67597.9,"l":67555.3,"c":67582.4,"v":286402.0},{"ts":"2026-02-12T10:08:00Z","o":67582.4,"h":67582.4,"l":67523.8,"c":67523.9,"v":369894.0},{"ts":"2026-02-12T10:09:00Z","o":67523.9,"h":67524.0,"l":67493.8,"c":67506.5,"v":224867.0},{"ts":"2026-02-12T10:10:00Z","o":67506.5,"h":67510.0,"l":67492.4,"c":67493.1,"v":198090.0},{"ts":"2026-02-12T10:11:00Z","o":67493.1,"h":67523.2,"l":67482.6,"c":67523.2,"v":237382.0},{"ts":"2026-02-12T10:12:00Z","o":67523.2,"h":67523.2,"l":67460.0,"c":67460.0,"v":216486.0},{"ts":"2026-02-12T10:13:00Z","o":67460.0,"h":67500.0,"l":67455.0,"c":67481.5,"v":146304.0},{"ts":"2026-02-12T10:14:00Z","o":67481.5,"h":67539.6,"l":67449.9,"c":67539.0,"v":278053.0},{"ts":"2026-02-12T10:15:00Z","o":67539.0,"h":67539.0,"l":67450.0,"c":67460.0,"v":307924.0},{"ts":"2026-02-12T10:16:00Z","o":67460.0,"h":67483.5,"l":67438.0,"c":67469.2,"v":298150.0},{"ts":"2026-02-12T10:17:00Z","o":67469.2,"h":67469.3,"l":67443.8,"c":67468.3,"v":91516.0},{"ts":"2026-02-12T10:18:00Z","o":67468.3,"h":67516.6,"l":67468.3,"c":67483.8,"v":309788.0},{"ts":"2026-02-12T10:19:00Z","o":67483.8,"h":67498.0,"l":67469.0,"c":67469.4,"v":44643.0},{"ts":"2026-02-12T10:20:00Z","o":67469.4,"h":67482.7,"l":67467.4,"c":67467.5,"v":119077.0},{"ts":"2026-02-12T10:21:00Z","o":67467.5,"h":67494.2,"l":67467.5,"c":67487.5,"v":156333.0},{"ts":"2026-02-12T10:22:00Z","o":67487.5,"h":67488.0,"l":67434.0,"c":67439.1,"v":526273.0},{"ts":"2026-02-12T10:23:00Z","o":67439.1,"h":67439.1,"l":67408.4,"c":67411.8,"v":277857.0},{"ts":"2026-02-12T10:24:00Z","o":67411.8,"h":67411.8,"l":67381.8,"c":67389.5,"v":479338.0},{"ts":"2026-02-12T10:25:00Z","o":67389.5,"h":67489.0,"l":67389.5,"c":67489.0,"v":414916.0},{"ts":"2026-02-12T10:26:00Z","o":67489.0,"h":67564.8,"l":67488.9,"c":67544.4,"v":531225.0},{"ts":"2026-02-12T10:27:00Z","o":67544.4,"h":67551.6,"l":67500.0,"c":67519.9,"v":243228.0},{"ts":"2026-02-12T10:28:00Z","o":67519.9,"h":67559.4,"l":67519.9,"c":67546.1,"v":145629.0},{"ts":"2026-02-12T10:29:00Z","o":67546.1,"h":67582.3,"l":67546.0,"c":67580.9,"v":210189.0},{"ts":"2026-02-12T10:30:00Z","o":67580.9,"h":67620.0,"l":67576.1,"c":67603.7,"v":349037.0},{"ts":"2026-02-12T10:31:00Z","o":67603.7,"h":67708.0,"l":67603.6,"c":67694.0,"v":961808.0},{"ts":"2026-02-12T10:32:00Z","o":67694.0,"h":67746.3,"l":67664.6,"c":67735.6,"v":570329.0},{"ts":"2026-02-12T10:33:00Z","o":67735.6,"h":67819.7,"l":67720.0,"c":67737.2,"v":1142904.0},{"ts":"2026-02-12T10:34:00Z","o":67737.2,"h":67740.2,"l":67669.5,"c":67702.7,"v":498553.0},{"ts":"2026-02-12T10:35:00Z","o":67702.7,"h":67726.3,"l":67666.8,"c":67703.1,"v":298956.0},{"ts":"2026-02-12T10:36:00Z","o":67703.1,"h":67777.0,"l":67694.0,"c":67771.3,"v":370650.0},{"ts":"2026-02-12T10:37:00Z","o":67771.3,"h":67774.1,"l":67727.7,"c":67727.7,"v":281562.0},{"ts":"2026-02-12T10:38:00Z","o":67727.7,"h":67750.6,"l":67715.8,"c":67729.4,"v":152248.0},{"ts":"2026-02-12T10:39:00Z","o":67729.4,"h":67749.5,"l":67692.4,"c":67706.9,"v":244331.0},{"ts":"2026-02-12T10:40:00Z","o":67706.9,"h":67710.1,"l":67641.8,"c":67667.0,"v":318542.0},{"ts":"2026-02-12T10:41:00Z","o":67667.0,"h":67667.0,"l":67635.2,"c":67659.9,"v":266656.0},{"ts":"2026-02-12T10:42:00Z","o":67659.9,"h":67675.4,"l":67638.0,"c":67642.5,"v":123232.0},{"ts":"2026-02-12T10:43:00Z","o":67642.5,"h":67642.6,"l":67622.8,"c":67633.8,"v":215308.0},{"ts":"2026-02-12T10:44:00Z","o":67633.8,"h":67636.0,"l":67606.8,"c":67635.9,"v":222644.0},{"ts":"2026-02-12T10:45:00Z","o":67635.9,"h":67669.0,"l":67628.8,"c":67631.7,"v":245382.0},{"ts":"2026-02-12T10:46:00Z","o":67631.7,"h":67713.1,"l":67621.7,"c":67704.1,"v":584928.0},{"ts":"2026-02-12T10:47:00Z","o":67704.1,"h":67765.7,"l":67697.0,"c":67743.8,"v":546438.0},{"ts":"2026-02-12T10:48:00Z","o":67743.8,"h":67769.3,"l":67742.4,"c":67750.4,"v":225908.0},{"ts":"2026-02-12T10:49:00Z","o":67750.4,"h":67874.9,"l":67750.3,"c":67810.0,"v":1182085.0},{"ts":"2026-02-12T10:50:00Z","o":67810.0,"h":67814.1,"l":67755.8,"c":67776.0,"v":432385.0},{"ts":"2026-02-12T10:51:00Z","o":67776.0,"h":67831.8,"l":67770.4,"c":67830.0,"v":292396.0},{"ts":"2026-02-12T10:52:00Z","o":67830.0,"h":67859.7,"l":67797.1,"c":67851.6,"v":210217.0},{"ts":"2026-02-12T10:53:00Z","o":67851.6,"h":67883.0,"l":67827.5,"c":67862.4,"v":384447.0},{"ts":"2026-02-12T10:54:00Z","o":67862.4,"h":67868.5,"l":67810.6,"c":67867.2,"v":244906.0},{"ts":"2026-02-12T10:55:00Z","o":67867.2,"h":67900.0,"l":67844.0,"c":67866.4,"v":943671.0},{"ts":"2026-02-12T10:56:00Z","o":67866.4,"h":67866.7,"l":67817.7,"c":67857.6,"v":288991.0},{"ts":"2026-02-12T10:57:00Z","o":67857.6,"h":67936.0,"l":67845.0,"c":67922.0,"v":552716.0},{"ts":"2026-02-12T10:58:00Z","o":67922.0,"h":67940.2,"l":67900.1,"c":67923.4,"v":552922.0},{"ts":"2026-02-12T10:59:00Z","o":67923.4,"h":67994.4,"l":67908.3,"c":67978.0,"v":891884.0},{"ts":"2026-02-12T11:00:00Z","o":67978.0,"h":67988.0,"l":67907.4,"c":67932.9,"v":622844.0},{"ts":"2026-02-12T11:01:00Z","o":67932.9,"h":67968.0,"l":67902.0,"c":67914.0,"v":1102639.0},{"ts":"2026-02-12T11:02:00Z","o":67914.0,"h":68075.0,"l":67912.9,"c":68041.3,"v":1305324.0},{"ts":"2026-02-12T11:03:00Z","o":68041.3,"h":68090.1,"l":67986.5,"c":68043.7,"v":827854.0},{"ts":"2026-02-12T11:04:00Z","o":68043.7,"h":68063.7,"l":68009.0,"c":68015.6,"v":428452.0},{"ts":"2026-02-12T11:05:00Z","o":68015.6,"h":68076.9,"l":67989.0,"c":68005.0,"v":531499.0},{"ts":"2026-02-12T11:06:00Z","o":68005.0,"h":68007.7,"l":67904.4,"c":67931.8,"v":540173.0},{"ts":"2026-02-12T11:07:00Z","o":67931.8,"h":67960.7,"l":67892.2,"c":67913.7,"v":693822.0},{"ts":"2026-02-12T11:08:00Z","o":67913.7,"h":67949.9,"l":67900.0,"c":67940.0,"v":439839.0},{"ts":"2026-02-12T11:09:00Z","o":67940.0,"h":67945.1,"l":67909.0,"c":67909.4,"v":303112.0},{"ts":"2026-02-12T11:10:00Z","o":67909.4,"h":67909.5,"l":67707.6,"c":67770.0,"v":1253364.0},{"ts":"2026-02-12T11:11:00Z","o":67770.0,"h":67826.3,"l":67769.9,"c":67800.5,"v":385130.0},{"ts":"2026-02-12T11:12:00Z","o":67800.5,"h":67839.7,"l":67791.5,"c":67791.9,"v":271359.0},{"ts":"2026-02-12T11:13:00Z","o":67791.9,"h":67846.4,"l":67791.9,"c":67828.0,"v":265364.0},{"ts":"2026-02-12T11:14:00Z","o":67828.0,"h":67878.4,"l":67815.7,"c":67874.1,"v":315266.0},{"ts":"2026-02-12T11:15:00Z","o":67874.1,"h":67874.2,"l":67799.4,"c":67843.3,"v":429105.0},{"ts":"2026-02-12T11:16:00Z","o":67843.3,"h":67843.3,"l":67812.0,"c":67816.2,"v":312948.0},{"ts":"2026-02-12T11:17:00Z","o":67816.2,"h":67958.6,"l":67816.2,"c":67935.7,"v":969245.0},{"ts":"2026-02-12T11:18:00Z","o":67935.7,"h":67984.0,"l":67889.9,"c":67978.2,"v":359374.0},{"ts":"2026-02-12T11:19:00Z","o":67978.2,"h":67978.2,"l":67899.9,"c":67907.1,"v":265821.0},{"ts":"2026-02-12T11:20:00Z","o":67907.1,"h":67970.4,"l":67905.7,"c":67970.3,"v":548402.0},{"ts":"2026-02-12T11:21:00Z","o":67970.3,"h":68012.5,"l":67942.1,"c":67963.8,"v":653129.0},{"ts":"2026-02-12T11:22:00Z","o":67963.8,"h":68016.6,"l":67963.7,"c":68000.7,"v":428189.0},{"ts":"2026-02-12T11:23:00Z","o":68000.7,"h":68027.3,"l":67978.1,"c":68021.9,"v":369968.0},{"ts":"2026-02-12T11:24:00Z","o":68021.9,"h":68066.6,"l":68021.9,"c":68065.7,"v":611439.0},{"ts":"2026-02-12T11:25:00Z","o":68065.7,"h":68065.8,"l":67996.2,"c":68000.1,"v":423287.0},{"ts":"2026-02-12T11:26:00Z","o":68000.1,"h":68066.6,"l":67992.9,"c":68066.5,"v":405603.0},{"ts":"2026-02-12T11:27:00Z","o":68066.5,"h":68087.0,"l":68045.6,"c":68053.4,"v":304289.0},{"ts":"2026-02-12T11:28:00Z","o":68053.4,"h":68168.8,"l":68045.5,"c":68168.4,"v":1488052.0},{"ts":"2026-02-12T11:29:00Z","o":68168.4,"h":68228.4,"l":68149.6,"c":68170.3,"v":856228.0},{"ts":"2026-02-12T11:30:00Z","o":68170.3,"h":68257.9,"l":68140.6,"c":68180.1,"v":946872.0},{"ts":"2026-02-12T11:31:00Z","o":68180.1,"h":68200.7,"l":68134.2,"c":68193.6,"v":684013.0},{"ts":"2026-02-12T11:32:00Z","o":68193.6,"h":68203.5,"l":68120.7,"c":68120.7,"v":497115.0},{"ts":"2026-02-12T11:33:00Z","o":68120.7,"h":68155.6,"l":68075.2,"c":68131.0,"v":289972.0},{"ts":"2026-02-12T11:34:00Z","o":68131.0,"h":68148.1,"l":68098.1,"c":68141.3,"v":235751.0},{"ts":"2026-02-12T11:35:00Z","o":68141.3,"h":68141.3,"l":68085.5,"c":68088.8,"v":229998.0},{"ts":"2026-02-12T11:36:00Z","o":68088.8,"h":68101.5,"l":68076.0,"c":68093.2,"v":187432.0},{"ts":"2026-02-12T11:37:00Z","o":68093.2,"h":68135.0,"l":68055.4,"c":68056.0,"v":556655.0},{"ts":"2026-02-12T11:38:00Z","o":68056.0,"h":68090.3,"l":68045.0,"c":68078.6,"v":250945.0},{"ts":"2026-02-12T11:39:00Z","o":68078.6,"h":68119.4,"l":68064.6,"c":68103.3,"v":205820.0},{"ts":"2026-02-12T11:40:00Z","o":68103.3,"h":68106.0,"l":68064.0,"c":68069.1,"v":136676.0},{"ts":"2026-02-12T11:41:00Z","o":68069.1,"h":68079.4,"l":68017.0,"c":68022.0,"v":155824.0},{"ts":"2026-02-12T11:42:00Z","o":68022.0,"h":68023.8,"l":67999.9,"c":68023.8,"v":428912.0},{"ts":"2026-02-12T11:43:00Z","o":68023.8,"h":68058.7,"l":68006.9,"c":68049.2,"v":271629.0},{"ts":"2026-02-12T11:44:00Z","o":68049.2,"h":68059.2,"l":68019.4,"c":68057.0,"v":180970.0},{"ts":"2026-02-12T11:45:00Z","o":68057.0,"h":68077.0,"l":68020.7,"c":68067.2,"v":213752.0},{"ts":"2026-02-12T11:46:00Z","o":68067.2,"h":68083.0,"l":68029.1,"c":68036.5,"v":215937.0},{"ts":"2026-02-12T11:47:00Z","o":68036.5,"h":68044.6,"l":67995.3,"c":68029.3,"v":268082.0},{"ts":"2026-02-12T11:48:00Z","o":68029.3,"h":68048.0,"l":68004.9,"c":68022.7,"v":139000.0},{"ts":"2026-02-12T11:49:00Z","o":68022.7,"h":68060.9,"l":68002.2,"c":68051.7,"v":276614.0},{"ts":"2026-02-12T11:50:00Z","o":68051.7,"h":68054.5,"l":68004.6,"c":68013.0,"v":117091.0},{"ts":"2026-02-12T11:51:00Z","o":68013.0,"h":68024.4,"l":67982.7,"c":67986.6,"v":448895.0},{"ts":"2026-02-12T11:52:00Z","o":67986.6,"h":68030.1,"l":67970.8,"c":68010.8,"v":230100.0},{"ts":"2026-02-12T11:53:00Z","o":68010.8,"h":68088.5,"l":68010.8,"c":68084.1,"v":539781.0},{"ts":"2026-02-12T11:54:00Z","o":68084.1,"h":68130.5,"l":68069.3,"c":68075.7,"v":717056.0},{"ts":"2026-02-12T11:55:00Z","o":68075.7,"h":68136.3,"l":68066.2,"c":68126.3,"v":317304.0},{"ts":"2026-02-12T11:56:00Z","o":68126.3,"h":68126.3,"l":68084.6,"c":68085.5,"v":352744.0},{"ts":"2026-02-12T11:57:00Z","o":68085.5,"h":68096.8,"l":68036.9,"c":68061.2,"v":254544.0},{"ts":"2026-02-12T11:58:00Z","o":68061.2,"h":68099.3,"l":68061.2,"c":68099.3,"v":118737.0},{"ts":"2026-02-12T11:59:00Z","o":68099.3,"h":68139.6,"l":68035.3,"c":68035.3,"v":267691.0},{"ts":"2026-02-12T12:00:00Z","o":68035.3,"h":68125.8,"l":68030.3,"c":68087.4,"v":317779.0},{"ts":"2026-02-12T12:01:00Z","o":68087.4,"h":68087.5,"l":68000.0,"c":68000.1,"v":342863.0},{"ts":"2026-02-12T12:02:00Z","o":68000.1,"h":68000.1,"l":67952.6,"c":67983.7,"v":596725.0},{"ts":"2026-02-12T12:03:00Z","o":67983.7,"h":67983.8,"l":67906.0,"c":67927.2,"v":764050.0},{"ts":"2026-02-12T12:04:00Z","o":67927.2,"h":67989.6,"l":67900.1,"c":67900.4,"v":335354.0},{"ts":"2026-02-12T12:05:00Z","o":67900.4,"h":67912.9,"l":67865.4,"c":67906.4,"v":571522.0},{"ts":"2026-02-12T12:06:00Z","o":67906.4,"h":67906.4,"l":67862.4,"c":67882.0,"v":441235.0},{"ts":"2026-02-12T12:07:00Z","o":67882.0,"h":67906.0,"l":67850.0,"c":67878.3,"v":531752.0},{"ts":"2026-02-12T12:08:00Z","o":67878.3,"h":67948.9,"l":67863.5,"c":67912.0,"v":562056.0},{"ts":"2026-02-12T12:09:00Z","o":67912.0,"h":67913.0,"l":67879.6,"c":67903.4,"v":343730.0},{"ts":"2026-02-12T12:10:00Z","o":67903.4,"h":67964.9,"l":67903.4,"c":67964.9,"v":208057.0},{"ts":"2026-02-12T12:11:00Z","o":67964.9,"h":67972.2,"l":67922.0,"c":67937.4,"v":418925.0},{"ts":"2026-02-12T12:12:00Z","o":67937.4,"h":67937.4,"l":67896.0,"c":67913.7,"v":238744.0},{"ts":"2026-02-12T12:13:00Z","o":67913.7,"h":67931.5,"l":67913.7,"c":67918.2,"v":178285.0},{"ts":"2026-02-12T12:14:00Z","o":67918.2,"h":68015.1,"l":67915.4,"c":67988.6,"v":325590.0},{"ts":"2026-02-12T12:15:00Z","o":67988.6,"h":67990.5,"l":67954.5,"c":67978.3,"v":440212.0},{"ts":"2026-02-12T12:16:00Z","o":67978.3,"h":68005.0,"l":67956.1,"c":67975.2,"v":556514.0},{"ts":"2026-02-12T12:17:00Z","o":67975.2,"h":67995.9,"l":67929.5,"c":67929.5,"v":458146.0},{"ts":"2026-02-12T12:18:00Z","o":67929.5,"h":67949.0,"l":67916.0,"c":67920.9,"v":416871.0},{"ts":"2026-02-12T12:19:00Z","o":67920.9,"h":67921.0,"l":67869.8,"c":67891.5,"v":302310.0},{"ts":"2026-02-12T12:20:00Z","o":67891.5,"h":67922.1,"l":67868.9,"c":67900.2,"v":454640.0},{"ts":"2026-02-12T12:21:00Z","o":67900.2,"h":67949.8,"l":67892.8,"c":67918.2,"v":199267.0},{"ts":"2026-02-12T12:22:00Z","o":67918.2,"h":67918.2,"l":67847.2,"c":67879.0,"v":300829.0},{"ts":"2026-02-12T12:23:00Z","o":67879.0,"h":67879.0,"l":67823.4,"c":67826.0,"v":225427.0},{"ts":"2026-02-12T12:24:00Z","o":67826.0,"h":67860.8,"l":67826.0,"c":67828.6,"v":222006.0},{"ts":"2026-02-12T12:25:00Z","o":67828.6,"h":67874.2,"l":67825.4,"c":67871.0,"v":282127.0},{"ts":"2026-02-12T12:26:00Z","o":67871.0,"h":67880.8,"l":67851.9,"c":67880.8,"v":105331.0},{"ts":"2026-02-12T12:27:00Z","o":67880.8,"h":67880.8,"l":67864.0,"c":67869.0,"v":183845.0},{"ts":"2026-02-12T12:28:00Z","o":67869.0,"h":67979.4,"l":67869.0,"c":67969.0,"v":390113.0},{"ts":"2026-02-12T12:29:00Z","o":67969.0,"h":67978.7,"l":67942.2,"c":67948.7,"v":304666.0},{"ts":"2026-02-12T12:30:00Z","o":67948.7,"h":67966.9,"l":67930.5,"c":67966.1,"v":241647.0},{"ts":"2026-02-12T12:31:00Z","o":67966.1,"h":67966.1,"l":67938.1,"c":67954.0,"v":126464.0},{"ts":"2026-02-12T12:32:00Z","o":67954.0,"h":67954.0,"l":67890.9,"c":67891.3,"v":194906.0},{"ts":"2026-02-12T12:33:00Z","o":67891.3,"h":67894.3,"l":67848.5,"c":67852.8,"v":183111.0},{"ts":"2026-02-12T12:34:00Z","o":67852.8,"h":67875.7,"l":67838.0,"c":67844.2,"v":211015.0},{"ts":"2026-02-12T12:35:00Z","o":67844.2,"h":67864.5,"l":67844.0,"c":67864.5,"v":228537.0},{"ts":"2026-02-12T12:36:00Z","o":67864.5,"h":67883.6,"l":67816.4,"c":67832.4,"v":179657.0},{"ts":"2026-02-12T12:37:00Z","o":67832.4,"h":67869.0,"l":67825.7,"c":67868.9,"v":211682.0},{"ts":"2026-02-12T12:38:00Z","o":67868.9,"h":67876.0,"l":67834.4,"c":67871.9,"v":146495.0},{"ts":"2026-02-12T12:39:00Z","o":67871.9,"h":67875.6,"l":67854.6,"c":67866.7,"v":77912.0},{"ts":"2026-02-12T12:40:00Z","o":67866.7,"h":67923.0,"l":67860.0,"c":67913.8,"v":135189.0},{"ts":"2026-02-12T12:41:00Z","o":67913.8,"h":67913.8,"l":67893.9,"c":67908.9,"v":190906.0},{"ts":"2026-02-12T12:42:00Z","o":67908.9,"h":67932.7,"l":67839.1,"c":67839.1,"v":410401.0},{"ts":"2026-02-12T12:43:00Z","o":67839.1,"h":67892.5,"l":67815.6,"c":67892.5,"v":214935.0},{"ts":"2026-02-12T12:44:00Z","o":67892.5,"h":67892.7,"l":67839.8,"c":67839.8,"v":193153.0},{"ts":"2026-02-12T12:45:00Z","o":67839.8,"h":67868.2,"l":67811.3,"c":67818.5,"v":289477.0},{"ts":"2026-02-12T12:46:00Z","o":67818.5,"h":67831.5,"l":67755.8,"c":67823.9,"v":623229.0},{"ts":"2026-02-12T12:47:00Z","o":67823.9,"h":67865.6,"l":67823.9,"c":67853.1,"v":351458.0},{"ts":"2026-02-12T12:48:00Z","o":67853.1,"h":67878.2,"l":67834.3,"c":67865.0,"v":127475.0},{"ts":"2026-02-12T12:49:00Z","o":67865.0,"h":67881.1,"l":67851.3,"c":67881.0,"v":97824.0},{"ts":"2026-02-12T12:50:00Z","o":67881.0,"h":67912.5,"l":67870.6,"c":67899.8,"v":243546.0},{"ts":"2026-02-12T12:51:00Z","o":67899.8,"h":67913.2,"l":67879.9,"c":67894.0,"v":192368.0},{"ts":"2026-02-12T12:52:00Z","o":67894.0,"h":67894.2,"l":67857.6,"c":67878.5,"v":132372.0},{"ts":"2026-02-12T12:53:00Z","o":67878.5,"h":67878.5,"l":67753.7,"c":67779.9,"v":517108.0},{"ts":"2026-02-12T12:54:00Z","o":67779.9,"h":67779.9,"l":67725.4,"c":67754.8,"v":636793.0},{"ts":"2026-02-12T12:55:00Z","o":67754.8,"h":67760.0,"l":67715.1,"c":67729.9,"v":282005.0},{"ts":"2026-02-12T12:56:00Z","o":67729.9,"h":67751.5,"l":67684.8,"c":67708.7,"v":739321.0},{"ts":"2026-02-12T12:57:00Z","o":67708.7,"h":67748.7,"l":67685.0,"c":67745.0,"v":663048.0},{"ts":"2026-02-12T12:58:00Z","o":67745.0,"h":67813.2,"l":67745.0,"c":67807.5,"v":370553.0},{"ts":"2026-02-12T12:59:00Z","o":67807.5,"h":67837.5,"l":67802.5,"c":67832.5,"v":399906.0},{"ts":"2026-02-12T13:00:00Z","o":67832.5,"h":67837.2,"l":67815.0,"c":67837.1,"v":327476.0},{"ts":"2026-02-12T13:01:00Z","o":67837.1,"h":67853.9,"l":67767.4,"c":67773.9,"v":315026.0},{"ts":"2026-02-12T13:02:00Z","o":67773.9,"h":67778.8,"l":67708.5,"c":67726.4,"v":252119.0},{"ts":"2026-02-12T13:03:00Z","o":67726.4,"h":67772.3,"l":67726.3,"c":67757.2,"v":209424.0},{"ts":"2026-02-12T13:04:00Z","o":67757.2,"h":67762.0,"l":67730.0,"c":67733.6,"v":156661.0},{"ts":"2026-02-12T13:05:00Z","o":67733.6,"h":67781.7,"l":67674.5,"c":67674.7,"v":436783.0},{"ts":"2026-02-12T13:06:00Z","o":67674.7,"h":67692.8,"l":67646.1,"c":67673.9,"v":406371.0},{"ts":"2026-02-12T13:07:00Z","o":67673.9,"h":67700.0,"l":67669.5,"c":67676.1,"v":207569.0},{"ts":"2026-02-12T13:08:00Z","o":67676.1,"h":67698.3,"l":67666.0,"c":67697.3,"v":311352.0},{"ts":"2026-02-12T13:09:00Z","o":67697.3,"h":67791.3,"l":67687.0,"c":67784.4,"v":549800.0},{"ts":"2026-02-12T13:10:00Z","o":67784.4,"h":67812.6,"l":67761.0,"c":67761.0,"v":447613.0},{"ts":"2026-02-12T13:11:00Z","o":67761.0,"h":67783.3,"l":67751.1,"c":67783.0,"v":377257.0},{"ts":"2026-02-12T13:12:00Z","o":67783.0,"h":67800.7,"l":67766.0,"c":67786.0,"v":135101.0},{"ts":"2026-02-12T13:13:00Z","o":67786.0,"h":67822.0,"l":67781.2,"c":67792.9,"v":264721.0},{"ts":"2026-02-12T13:14:00Z","o":67792.9,"h":67834.5,"l":67789.9,"c":67814.9,"v":221900.0},{"ts":"2026-02-12T13:15:00Z","o":67814.9,"h":67946.7,"l":67803.2,"c":67937.3,"v":635267.0},{"ts":"2026-02-12T13:16:00Z","o":67937.3,"h":67977.0,"l":67889.6,"c":67962.3,"v":911768.0},{"ts":"2026-02-12T13:17:00Z","o":67962.3,"h":68012.6,"l":67945.8,"c":68009.7,"v":853700.0},{"ts":"2026-02-12T13:18:00Z","o":68009.7,"h":68033.5,"l":67957.4,"c":67980.3,"v":482488.0},{"ts":"2026-02-12T13:19:00Z","o":67980.3,"h":67981.0,"l":67902.0,"c":67960.0,"v":426354.0},{"ts":"2026-02-12T13:20:00Z","o":67960.0,"h":68003.6,"l":67943.9,"c":67960.2,"v":227101.0},{"ts":"2026-02-12T13:21:00Z","o":67960.2,"h":67979.5,"l":67928.9,"c":67939.8,"v":233893.0},{"ts":"2026-02-12T13:22:00Z","o":67939.8,"h":67959.8,"l":67931.4,"c":67943.5,"v":159964.0},{"ts":"2026-02-12T13:23:00Z","o":67943.5,"h":67949.9,"l":67910.0,"c":67927.1,"v":270674.0},{"ts":"2026-02-12T13:24:00Z","o":67927.1,"h":67947.2,"l":67910.0,"c":67910.0,"v":199752.0},{"ts":"2026-02-12T13:25:00Z","o":67910.0,"h":67910.1,"l":67707.6,"c":67746.1,"v":1515901.0},{"ts":"2026-02-12T13:26:00Z","o":67746.1,"h":67746.2,"l":67672.3,"c":67694.5,"v":1046072.0},{"ts":"2026-02-12T13:27:00Z","o":67694.5,"h":67697.4,"l":67649.4,"c":67687.3,"v":529871.0},{"ts":"2026-02-12T13:28:00Z","o":67687.3,"h":67707.3,"l":67670.0,"c":67670.9,"v":233195.0},{"ts":"2026-02-12T13:29:00Z","o":67670.9,"h":67733.3,"l":67670.9,"c":67733.2,"v":321438.0},{"ts":"2026-02-12T13:30:00Z","o":67733.2,"h":67965.5,"l":67691.5,"c":67919.4,"v":1284275.0},{"ts":"2026-02-12T13:31:00Z","o":67919.4,"h":67919.4,"l":67767.3,"c":67811.0,"v":685968.0},{"ts":"2026-02-12T13:32:00Z","o":67811.0,"h":67857.5,"l":67806.2,"c":67828.1,"v":183791.0},{"ts":"2026-02-12T13:33:00Z","o":67828.1,"h":67875.0,"l":67805.7,"c":67862.3,"v":301068.0},{"ts":"2026-02-12T13:34:00Z","o":67862.3,"h":67957.2,"l":67862.2,"c":67920.2,"v":627873.0},{"ts":"2026-02-12T13:35:00Z","o":67920.2,"h":67950.0,"l":67859.4,"c":67900.2,"v":488462.0},{"ts":"2026-02-12T13:36:00Z","o":67900.2,"h":67915.5,"l":67865.1,"c":67915.4,"v":304666.0},{"ts":"2026-02-12T13:37:00Z","o":67915.4,"h":67945.6,"l":67914.1,"c":67943.9,"v":332448.0},{"ts":"2026-02-12T13:38:00Z","o":67943.9,"h":67950.0,"l":67911.3,"c":67918.6,"v":394744.0},{"ts":"2026-02-12T13:39:00Z","o":67918.6,"h":67936.0,"l":67880.1,"c":67897.7,"v":294696.0},{"ts":"2026-02-12T13:40:00Z","o":67897.7,"h":67983.0,"l":67897.6,"c":67967.6,"v":469539.0},{"ts":"2026-02-12T13:41:00Z","o":67967.6,"h":67993.2,"l":67950.0,"c":67992.9,"v":383132.0},{"ts":"2026-02-12T13:42:00Z","o":67992.9,"h":67992.9,"l":67962.1,"c":67989.8,"v":525613.0},{"ts":"2026-02-12T13:43:00Z","o":67989.8,"h":68115.6,"l":67989.7,"c":68110.8,"v":1326843.0},{"ts":"2026-02-12T13:44:00Z","o":68110.8,"h":68129.0,"l":68070.9,"c":68081.4,"v":477793.0},{"ts":"2026-02-12T13:45:00Z","o":68081.4,"h":68116.5,"l":68053.2,"c":68053.2,"v":305339.0},{"ts":"2026-02-12T13:46:00Z","o":68053.2,"h":68087.1,"l":68022.5,"c":68036.6,"v":451936.0},{"ts":"2026-02-12T13:47:00Z","o":68036.6,"h":68058.1,"l":68015.7,"c":68015.8,"v":256560.0},{"ts":"2026-02-12T13:48:00Z","o":68015.8,"h":68071.5,"l":68001.1,"c":68016.8,"v":354544.0},{"ts":"2026-02-12T13:49:00Z","o":68016.8,"h":68017.0,"l":67937.5,"c":67969.7,"v":467451.0},{"ts":"2026-02-12T13:50:00Z","o":67969.7,"h":68007.0,"l":67969.6,"c":67995.5,"v":138717.0},{"ts":"2026-02-12T13:51:00Z","o":67995.5,"h":67995.6,"l":67942.6,"c":67979.4,"v":136200.0},{"ts":"2026-02-12T13:52:00Z","o":67979.4,"h":68029.9,"l":67968.3,"c":68012.3,"v":229668.0},{"ts":"2026-02-12T13:53:00Z","o":68012.3,"h":68084.4,"l":67998.4,"c":68044.1,"v":389753.0},{"ts":"2026-02-12T13:54:00Z","o":68044.1,"h":68072.9,"l":68005.8,"c":68022.8,"v":336285.0},{"ts":"2026-02-12T13:55:00Z","o":68022.8,"h":68095.2,"l":68017.1,"c":68082.7,"v":212973.0},{"ts":"2026-02-12T13:56:00Z","o":68082.7,"h":68109.9,"l":68082.7,"c":68107.5,"v":285918.0},{"ts":"2026-02-12T13:57:00Z","o":68107.5,"h":68230.0,"l":68107.5,"c":68230.0,"v":883997.0},{"ts":"2026-02-12T13:58:00Z","o":68230.0,"h":68366.6,"l":68230.0,"c":68297.1,"v":1818503.0}],"5m":[{"ts":"2026-02-12T04:00:00Z","o":67555.4,"h":67599.7,"l":67461.3,"c":67505.1,"v":1652051.0},{"ts":"2026-02-12T04:05:00Z","o":67505.1,"h":67577.8,"l":67469.5,"c":67560.7,"v":680293.0},{"ts":"2026-02-12T04:10:00Z","o":67560.7,"h":67656.0,"l":67536.0,"c":67551.4,"v":1403224.0},{"ts":"2026-02-12T04:15:00Z","o":67551.4,"h":67565.2,"l":67258.1,"c":67348.4,"v":2317613.0},{"ts":"2026-02-12T04:20:00Z","o":67348.4,"h":67394.8,"l":67234.4,"c":67263.7,"v":1227910.0},{"ts":"2026-02-12T04:25:00Z","o":67263.7,"h":67293.1,"l":67163.8,"c":67183.4,"v":1405332.0},{"ts":"2026-02-12T04:30:00Z","o":67183.4,"h":67213.5,"l":67031.0,"c":67160.9,"v":2710319.0},{"ts":"2026-02-12T04:35:00Z","o":67160.9,"h":67265.0,"l":67147.4,"c":67242.9,"v":1460921.0},{"ts":"2026-02-12T04:40:00Z","o":67242.9,"h":67261.5,"l":67167.1,"c":67206.5,"v":965491.0},{"ts":"2026-02-12T04:45:00Z","o":67206.5,"h":67251.1,"l":67149.2,"c":67180.0,"v":759369.0},{"ts":"2026-02-12T04:50:00Z","o":67180.0,"h":67227.0,"l":67022.3,"c":67056.0,"v":1456833.0},{"ts":"2026-02-12T04:55:00Z","o":67056.0,"h":67102.1,"l":66962.1,"c":66989.9,"v":1897178.0},{"ts":"2026-02-12T05:00:00Z","o":66989.9,"h":67153.9,"l":66950.7,"c":67140.4,"v":1680321.0},{"ts":"2026-02-12T05:05:00Z","o":67140.4,"h":67176.1,"l":66972.6,"c":66987.5,"v":1755698.0},{"ts":"2026-02-12T05:10:00Z","o":66987.5,"h":67018.8,"l":66735.6,"c":66776.6,"v":2968855.0},{"ts":"2026-02-12T05:15:00Z","o":66776.6,"h":66834.6,"l":66640.0,"c":66676.4,"v":1694856.0},{"ts":"2026-02-12T05:20:00Z","o":66676.4,"h":66864.8,"l":66666.0,"c":66855.5,"v":1343218.0},{"ts":"2026-02-12T05:25:00Z","o":66855.5,"h":66956.1,"l":66794.2,"c":66850.0,"v":1267055.0},{"ts":"2026-02-12T05:30:00Z","o":66850.0,"h":67088.5,"l":66829.4,"c":67056.9,"v":1334431.0},{"ts":"2026-02-12T05:35:00Z","o":67056.9,"h":67056.9,"l":66916.8,"c":66961.6,"v":775932.0},{"ts":"2026-02-12T05:40:00Z","o":66961.6,"h":67100.1,"l":66961.6,"c":67056.2,"v":688553.0},{"ts":"2026-02-12T05:45:00Z","o":67056.2,"h":67105.9,"l":66988.9,"c":66988.9,"v":1167330.0},{"ts":"2026-02-12T05:50:00Z","o":66988.9,"h":67060.9,"l":66969.2,"c":67029.1,"v":714385.0},{"ts":"2026-02-12T05:55:00Z","o":67029.1,"h":67134.3,"l":67029.0,"c":67104.6,"v":809329.0},{"ts":"2026-02-12T06:00:00Z","o":67104.6,"h":67140.3,"l":66987.8,"c":66991.6,"v":860376.0},{"ts":"2026-02-12T06:05:00Z","o":66991.6,"h":67044.9,"l":66980.0,"c":67043.9,"v":691886.0},{"ts":"2026-02-12T06:10:00Z","o":67043.9,"h":67219.5,"l":67034.3,"c":67080.8,"v":1203423.0},{"ts":"2026-02-12T06:15:00Z","o":67080.8,"h":67188.1,"l":67079.8,"c":67097.7,"v":778597.0},{"ts":"2026-02-12T06:20:00Z","o":67097.7,"h":67176.6,"l":67053.8,"c":67162.7,"v":1242963.0},{"ts":"2026-02-12T06:25:00Z","o":67162.7,"h":67328.5,"l":67162.7,"c":67260.3,"v":1788003.0},{"ts":"2026-02-12T06:30:00Z","o":67260.3,"h":67319.8,"l":67177.1,"c":67198.6,"v":1640682.0},{"ts":"2026-02-12T06:35:00Z","o":67198.6,"h":67227.5,"l":67115.0,"c":67217.6,"v":846497.0},{"ts":"2026-02-12T06:40:00Z","o":67217.6,"h":67295.4,"l":67168.1,"c":67206.6,"v":1455104.0},{"ts":"2026-02-12T06:45:00Z","o":67206.6,"h":67275.5,"l":67145.1,"c":67178.5,"v":1261083.0},{"ts":"2026-02-12T06:50:00Z","o":67178.5,"h":67190.7,"l":67082.9,"c":67098.8,"v":829178.0},{"ts":"2026-02-12T06:55:00Z","o":67098.8,"h":67107.3,"l":67050.0,"c":67096.2,"v":793970.0},{"ts":"2026-02-12T07:00:00Z","o":67096.2,"h":67124.3,"l":66951.1,"c":67050.1,"v":1726426.0},{"ts":"2026-02-12T07:05:00Z","o":67050.1,"h":67050.1,"l":66934.7,"c":66974.2,"v":1380907.0},{"ts":"2026-02-12T07:10:00Z","o":66974.2,"h":66974.3,"l":66903.5,"c":66962.6,"v":958955.0},{"ts":"2026-02-12T07:15:00Z","o":66962.6,"h":67059.3,"l":66923.2,"c":67049.5,"v":710595.0},{"ts":"2026-02-12T07:20:00Z","o":67049.5,"h":67187.2,"l":67042.1,"c":67187.2,"v":932575.0},{"ts":"2026-02-12T07:25:00Z","o":67187.2,"h":67296.8,"l":67182.1,"c":67195.2,"v":1767243.0},{"ts":"2026-02-12T07:30:00Z","o":67195.2,"h":67223.1,"l":67137.8,"c":67146.5,"v":1199676.0},{"ts":"2026-02-12T07:35:00Z","o":67146.5,"h":67200.1,"l":67106.1,"c":67177.3,"v":760091.0},{"ts":"2026-02-12T07:40:00Z","o":67177.3,"h":67224.0,"l":67095.1,"c":67095.1,"v":740135.0},{"ts":"2026-02-12T07:45:00Z","o":67095.1,"h":67140.0,"l":67059.4,"c":67118.1,"v":1154488.0},{"ts":"2026-02-12T07:50:00Z","o":67118.1,"h":67167.0,"l":67085.0,"c":67085.0,"v":720644.0},{"ts":"2026-02-12T07:55:00Z","o":67085.0,"h":67203.4,"l":67077.4,"c":67181.5,"v":1110292.0},{"ts":"2026-02-12T08:00:00Z","o":67181.5,"h":67268.1,"l":67141.8,"c":67146.9,"v":1682716.0},{"ts":"2026-02-12T08:05:00Z","o":67146.9,"h":67306.6,"l":67050.6,"c":67269.7,"v":2039443.0},{"ts":"2026-02-12T08:10:00Z","o":67269.7,"h":67270.5,"l":67166.8,"c":67216.3,"v":723670.0},{"ts":"2026-02-12T08:15:00Z","o":67216.3,"h":67216.3,"l":67034.6,"c":67041.9,"v":1343925.0},{"ts":"2026-02-12T08:20:00Z","o":67041.9,"h":67091.9,"l":66982.5,"c":67050.4,"v":1736362.0},{"ts":"2026-02-12T08:25:00Z","o":67050.4,"h":67050.4,"l":66859.5,"c":66896.2,"v":1897797.0},{"ts":"2026-02-12T08:30:00Z","o":66896.2,"h":66980.0,"l":66878.3,"c":66943.9,"v":1238748.0},{"ts":"2026-02-12T08:35:00Z","o":66943.9,"h":67014.5,"l":66918.5,"c":66957.5,"v":1090409.0},{"ts":"2026-02-12T08:40:00Z","o":66957.5,"h":67038.0,"l":66942.7,"c":66942.8,"v":1157654.0},{"ts":"2026-02-12T08:45:00Z","o":66942.8,"h":67006.5,"l":66942.7,"c":66970.1,"v":1126384.0},{"ts":"2026-02-12T08:50:00Z","o":66970.1,"h":67077.0,"l":66970.0,"c":67076.9,"v":913328.0},{"ts":"2026-02-12T08:55:00Z","o":67076.9,"h":67127.9,"l":67048.1,"c":67107.3,"v":1042026.0},{"ts":"2026-02-12T09:00:00Z","o":67107.3,"h":67114.5,"l":67015.5,"c":67100.0,"v":1228324.0},{"ts":"2026-02-12T09:05:00Z","o":67100.0,"h":67100.0,"l":67012.2,"c":67036.1,"v":609198.0},{"ts":"2026-02-12T09:10:00Z","o":67036.1,"h":67199.2,"l":67028.6,"c":67158.8,"v":2250542.0},{"ts":"2026-02-12T09:15:00Z","o":67158.8,"h":67233.5,"l":67131.5,"c":67187.5,"v":1090451.0},{"ts":"2026-02-12T09:20:00Z","o":67187.5,"h":67259.0,"l":67177.2,"c":67245.4,"v":1544598.0},{"ts":"2026-02-12T09:25:00Z","o":67245.4,"h":67293.4,"l":67196.6,"c":67263.0,"v":2090243.0},{"ts":"2026-02-12T09:30:00Z","o":67263.0,"h":67439.1,"l":67213.7,"c":67428.1,"v":2733826.0},{"ts":"2026-02-12T09:35:00Z","o":67428.1,"h":67437.7,"l":67325.7,"c":67340.9,"v":1304543.0},{"ts":"2026-02-12T09:40:00Z","o":67340.9,"h":67424.2,"l":67331.0,"c":67388.6,"v":946472.0},{"ts":"2026-02-12T09:45:00Z","o":67388.6,"h":67428.7,"l":67321.9,"c":67339.8,"v":1412394.0},{"ts":"2026-02-12T09:50:00Z","o":67339.8,"h":67531.2,"l":67320.0,"c":67471.5,"v":2489936.0},{"ts":"2026-02-12T09:55:00Z","o":67471.5,"h":67680.0,"l":67461.3,"c":67517.7,"v":3263672.0},{"ts":"2026-02-12T10:00:00Z","o":67517.7,"h":67580.0,"l":67480.0,"c":67519.9,"v":1665786.0},{"ts":"2026-02-12T10:05:00Z","o":67519.9,"h":67597.9,"l":67491.6,"c":67506.5,"v":1096283.0},{"ts":"2026-02-12T10:10:00Z","o":67506.5,"h":67539.6,"l":67449.9,"c":67539.0,"v":1076315.0},{"ts":"2026-02-12T10:15:00Z","o":67539.0,"h":67539.0,"l":67438.0,"c":67469.4,"v":1052021.0},{"ts":"2026-02-12T10:20:00Z","o":67469.4,"h":67494.2,"l":67381.8,"c":67389.5,"v":1558878.0},{"ts":"2026-02-12T10:25:00Z","o":67389.5,"h":67582.3,"l":67389.5,"c":67580.9,"v":1545187.0},{"ts":"2026-02-12T10:30:00Z","o":67580.9,"h":67819.7,"l":67576.1,"c":67702.7,"v":3522631.0},{"ts":"2026-02-12T10:35:00Z","o":67702.7,"h":67777.0,"l":67666.8,"c":67706.9,"v":1347747.0},{"ts":"2026-02-12T10:40:00Z","o":67706.9,"h":67710.1,"l":67606.8,"c":67635.9,"v":1146382.0},{"ts":"2026-02-12T10:45:00Z","o":67635.9,"h":67874.9,"l":67621.7,"c":67810.0,"v":2784741.0},{"ts":"2026-02-12T10:50:00Z","o":67810.0,"h":67883.0,"l":67755.8,"c":67867.2,"v":1564351.0},{"ts":"2026-02-12T10:55:00Z","o":67867.2,"h":67994.4,"l":67817.7,"c":67978.0,"v":3230184.0},{"ts":"2026-02-12T11:00:00Z","o":67978.0,"h":68090.1,"l":67902.0,"c":68015.6,"v":4287113.0},{"ts":"2026-02-12T11:05:00Z","o":68015.6,"h":68076.9,"l":67892.2,"c":67909.4,"v":2508445.0},{"ts":"2026-02-12T11:10:00Z","o":67909.4,"h":67909.5,"l":67707.6,"c":67874.1,"v":2490483.0},{"ts":"2026-02-12T11:15:00Z","o":67874.1,"h":67984.0,"l":67799.4,"c":67907.1,"v":2336493.0},{"ts":"2026-02-12T11:20:00Z","o":67907.1,"h":68066.6,"l":67905.7,"c":68065.7,"v":2611127.0},{"ts":"2026-02-12T11:25:00Z","o":68065.7,"h":68228.4,"l":67992.9,"c":68170.3,"v":3477459.0},{"ts":"2026-02-12T11:30:00Z","o":68170.3,"h":68257.9,"l":68075.2,"c":68141.3,"v":2653723.0},{"ts":"2026-02-12T11:35:00Z","o":68141.3,"h":68141.3,"l":68045.0,"c":68103.3,"v":1430850.0},{"ts":"2026-02-12T11:40:00Z","o":68103.3,"h":68106.0,"l":67999.9,"c":68057.0,"v":1174011.0},{"ts":"2026-02-12T11:45:00Z","o":68057.0,"h":68083.0,"l":67995.3,"c":68051.7,"v":1113385.0},{"ts":"2026-02-12T11:50:00Z","o":68051.7,"h":68130.5,"l":67970.8,"c":68075.7,"v":2052923.0},{"ts":"2026-02-12T11:55:00Z","o":68075.7,"h":68139.6,"l":68035.3,"c":68035.3,"v":1311020.0},{"ts":"2026-02-12T12:00:00Z","o":68035.3,"h":68125.8,"l":67900.1,"c":67900.4,"v":2356771.0},{"ts":"2026-02-12T12:05:00Z","o":67900.4,"h":67948.9,"l":67850.0,"c":67903.4,"v":2450295.0},{"ts":"2026-02-12T12:10:00Z","o":67903.4,"h":68015.1,"l":67896.0,"c":67988.6,"v":1369601.0},{"ts":"2026-02-12T12:15:00Z","o":67988.6,"h":68005.0,"l":67869.8,"c":67891.5,"v":2174053.0},{"ts":"2026-02-12T12:20:00Z","o":67891.5,"h":67949.8,"l":67823.4,"c":67828.6,"v":1402169.0},{"ts":"2026-02-12T12:25:00Z","o":67828.6,"h":67979.4,"l":67825.4,"c":67948.7,"v":1266082.0},{"ts":"2026-02-12T12:30:00Z","o":67948.7,"h":67966.9,"l":67838.0,"c":67844.2,"v":957143.0},{"ts":"2026-02-12T12:35:00Z","o":67844.2,"h":67883.6,"l":67816.4,"c":67866.7,"v":844283.0},{"ts":"2026-02-12T12:40:00Z","o":67866.7,"h":67932.7,"l":67815.6,"c":67839.8,"v":1144584.0},{"ts":"2026-02-12T12:45:00Z","o":67839.8,"h":67881.1,"l":67755.8,"c":67881.0,"v":1489463.0},{"ts":"2026-02-12T12:50:00Z","o":67881.0,"h":67913.2,"l":67725.4,"c":67754.8,"v":1722187.0},{"ts":"2026-02-12T12:55:00Z","o":67754.8,"h":67837.5,"l":67684.8,"c":67832.5,"v":2454833.0},{"ts":"2026-02-12T13:00:00Z","o":67832.5,"h":67853.9,"l":67708.5,"c":67733.6,"v":1260706.0},{"ts":"2026-02-12T13:05:00Z","o":67733.6,"h":67791.3,"l":67646.1,"c":67784.4,"v":1911875.0},{"ts":"2026-02-12T13:10:00Z","o":67784.4,"h":67834.5,"l":67751.1,"c":67814.9,"v":1446592.0},{"ts":"2026-02-12T13:15:00Z","o":67814.9,"h":68033.5,"l":67803.2,"c":67960.0,"v":3309577.0},{"ts":"2026-02-12T13:20:00Z","o":67960.0,"h":68003.6,"l":67910.0,"c":67910.0,"v":1091384.0},{"ts":"2026-02-12T13:25:00Z","o":67910.0,"h":67910.1,"l":67649.4,"c":67733.2,"v":3646477.0},{"ts":"2026-02-12T13:30:00Z","o":67733.2,"h":67965.5,"l":67691.5,"c":67920.2,"v":3082975.0},{"ts":"2026-02-12T13:35:00Z","o":67920.2,"h":67950.0,"l":67859.4,"c":67897.7,"v":1815016.0},{"ts":"2026-02-12T13:40:00Z","o":67897.7,"h":68129.0,"l":67897.6,"c":68081.4,"v":3182920.0},{"ts":"2026-02-12T13:45:00Z","o":68081.4,"h":68116.5,"l":67937.5,"c":67969.7,"v":1835830.0},{"ts":"2026-02-12T13:50:00Z","o":67969.7,"h":68084.4,"l":67942.6,"c":68022.8,"v":1230623.0},{"ts":"2026-02-12T13:55:00Z","o":68022.8,"h":68366.6,"l":68017.1,"c":68297.1,"v":3204222.0}],"15m":[{"ts":"2026-02-11T18:00:00Z","o":66489.0,"h":66531.5,"l":66119.4,"c":66437.7,"v":8062812.0},{"ts":"2026-02-11T18:15:00Z","o":66437.7,"h":67060.3,"l":66424.0,"c":66891.1,"v":9602425.0},{"ts":"2026-02-11T18:30:00Z","o":66891.1,"h":67173.0,"l":66770.0,"c":66999.2,"v":8254005.0},{"ts":"2026-02-11T18:45:00Z","o":66999.2,"h":67272.3,"l":66973.3,"c":67239.2,"v":7866229.0},{"ts":"2026-02-11T19:00:00Z","o":67239.2,"h":67655.8,"l":67078.8,"c":67604.9,"v":13215195.0},{"ts":"2026-02-11T19:15:00Z","o":67604.9,"h":67726.4,"l":67377.0,"c":67392.1,"v":7533532.0},{"ts":"2026-02-11T19:30:00Z","o":67392.1,"h":67830.3,"l":67267.0,"c":67755.3,"v":8552498.0},{"ts":"2026-02-11T19:45:00Z","o":67755.3,"h":67798.1,"l":67486.4,"c":67547.7,"v":7370720.0},{"ts":"2026-02-11T20:00:00Z","o":67547.7,"h":67686.4,"l":67388.7,"c":67613.3,"v":7032068.0},{"ts":"2026-02-11T20:15:00Z","o":67613.3,"h":67719.1,"l":67176.7,"c":67178.0,"v":7435454.0},{"ts":"2026-02-11T20:30:00Z","o":67178.0,"h":67407.2,"l":67147.1,"c":67271.1,"v":5647417.0},{"ts":"2026-02-11T20:45:00Z","o":67271.1,"h":67620.1,"l":67257.4,"c":67518.6,"v":7397717.0},{"ts":"2026-02-11T21:00:00Z","o":67518.6,"h":67727.8,"l":67377.7,"c":67652.4,"v":4399826.0},{"ts":"2026-02-11T21:15:00Z","o":67652.4,"h":68190.0,"l":67553.5,"c":68155.0,"v":11989588.0},{"ts":"2026-02-11T21:30:00Z","o":68155.0,"h":68318.2,"l":67892.6,"c":67957.4,"v":12290341.0},{"ts":"2026-02-11T21:45:00Z","o":67957.4,"h":67994.6,"l":67766.7,"c":67778.7,"v":6271264.0},{"ts":"2026-02-11T22:00:00Z","o":67778.7,"h":67844.1,"l":67565.0,"c":67637.5,"v":6510244.0},{"ts":"2026-02-11T22:15:00Z","o":67637.5,"h":67755.9,"l":67356.2,"c":67535.1,"v":5578739.0},{"ts":"2026-02-11T22:30:00Z","o":67535.1,"h":67656.7,"l":67360.4,"c":67606.6,"v":5292369.0},{"ts":"2026-02-11T22:45:00Z","o":67606.6,"h":67685.1,"l":67372.2,"c":67386.9,"v":4047854.0},{"ts":"2026-02-11T23:00:00Z","o":67386.9,"h":67528.7,"l":67203.6,"c":67300.1,"v":8565425.0},{"ts":"2026-02-11T23:15:00Z","o":67300.1,"h":67369.0,"l":66859.8,"c":66983.0,"v":9854439.0},{"ts":"2026-02-11T23:30:00Z","o":66983.0,"h":67104.0,"l":66757.4,"c":67050.0,"v":6800944.0},{"ts":"2026-02-11T23:45:00Z","o":67050.0,"h":67076.6,"l":66849.8,"c":67048.6,"v":3470321.0},{"ts":"2026-02-12T00:00:00Z","o":67048.6,"h":67346.2,"l":67018.3,"c":67329.0,"v":5486930.0},{"ts":"2026-02-12T00:15:00Z","o":67329.0,"h":67481.5,"l":67278.1,"c":67350.0,"v":4205358.0},{"ts":"2026-02-12T00:30:00Z","o":67350.0,"h":67679.2,"l":67350.0,"c":67551.5,"v":5384280.0},{"ts":"2026-02-12T00:45:00Z","o":67551.5,"h":67650.0,"l":67431.2,"c":67431.2,"v":2786849.0},{"ts":"2026-02-12T01:00:00Z","o":67431.2,"h":67677.4,"l":67430.5,"c":67672.0,"v":2669185.0},{"ts":"2026-02-12T01:15:00Z","o":67672.0,"h":67849.0,"l":67523.5,"c":67778.2,"v":6049206.0},{"ts":"2026-02-12T01:30:00Z","o":67778.2,"h":68018.3,"l":67730.1,"c":67820.9,"v":4716114.0},{"ts":"2026-02-12T01:45:00Z","o":67820.9,"h":67845.2,"l":67577.1,"c":67668.3,"v":4188464.0},{"ts":"2026-02-12T02:00:00Z","o":67668.3,"h":67769.8,"l":67462.8,"c":67466.3,"v":3998837.0},{"ts":"2026-02-12T02:15:00Z","o":67466.3,"h":67545.3,"l":67380.1,"c":67499.1,"v":3526709.0},{"ts":"2026-02-12T02:30:00Z","o":67499.1,"h":67728.2,"l":67448.8,"c":67711.4,"v":3360156.0},{"ts":"2026-02-12T02:45:00Z","o":67711.4,"h":67722.5,"l":67390.0,"c":67408.5,"v":3812284.0},{"ts":"2026-02-12T03:00:00Z","o":67408.5,"h":67532.2,"l":67325.6,"c":67463.4,"v":3194089.0},{"ts":"2026-02-12T03:15:00Z","o":67463.4,"h":67493.9,"l":67283.7,"c":67356.1,"v":3584346.0},{"ts":"2026-02-12T03:30:00Z","o":67356.1,"h":67514.2,"l":67301.5,"c":67469.5,"v":3404816.0},{"ts":"2026-02-12T03:45:00Z","o":67469.5,"h":67564.2,"l":67410.1,"c":67555.4,"v":2806074.0},{"ts":"2026-02-12T04:00:00Z","o":67555.4,"h":67656.0,"l":67461.3,"c":67551.4,"v":3735568.0},{"ts":"2026-02-12T04:15:00Z","o":67551.4,"h":67565.2,"l":67163.8,"c":67183.4,"v":4950855.0},{"ts":"2026-02-12T04:30:00Z","o":67183.4,"h":67265.0,"l":67031.0,"c":67206.5,"v":5136731.0},{"ts":"2026-02-12T04:45:00Z","o":67206.5,"h":67251.1,"l":66962.1,"c":66989.9,"v":4113380.0},{"ts":"2026-02-12T05:00:00Z","o":66989.9,"h":67176.1,"l":66735.6,"c":66776.6,"v":6404874.0},{"ts":"2026-02-12T05:15:00Z","o":66776.6,"h":66956.1,"l":66640.0,"c":66850.0,"v":4305129.0},{"ts":"2026-02-12T05:30:00Z","o":66850.0,"h":67100.1,"l":66829.4,"c":67056.2,"v":2798916.0},{"ts":"2026-02-12T05:45:00Z","o":67056.2,"h":67134.3,"l":66969.2,"c":67104.6,"v":2691044.0},{"ts":"2026-02-12T06:00:00Z","o":67104.6,"h":67219.5,"l":66980.0,"c":67080.8,"v":2755685.0},{"ts":"2026-02-12T06:15:00Z","o":67080.8,"h":67328.5,"l":67053.8,"c":67260.3,"v":3809563.0},{"ts":"2026-02-12T06:30:00Z","o":67260.3,"h":67319.8,"l":67115.0,"c":67206.6,"v":3942283.0},{"ts":"2026-02-12T06:45:00Z","o":67206.6,"h":67275.5,"l":67050.0,"c":67096.2,"v":2884231.0},{"ts":"2026-02-12T07:00:00Z","o":67096.2,"h":67124.3,"l":66903.5,"c":66962.6,"v":4066288.0},{"ts":"2026-02-12T07:15:00Z","o":66962.6,"h":67296.8,"l":66923.2,"c":67195.2,"v":3410413.0},{"ts":"2026-02-12T07:30:00Z","o":67195.2,"h":67224.0,"l":67095.1,"c":67095.1,"v":2699902.0},{"ts":"2026-02-12T07:45:00Z","o":67095.1,"h":67203.4,"l":67059.4,"c":67181.5,"v":2985424.0},{"ts":"2026-02-12T08:00:00Z","o":67181.5,"h":67306.6,"l":67050.6,"c":67216.3,"v":4445829.0},{"ts":"2026-02-12T08:15:00Z","o":67216.3,"h":67216.3,"l":66859.5,"c":66896.2,"v":4978084.0},{"ts":"2026-02-12T08:30:00Z","o":66896.2,"h":67038.0,"l":66878.3,"c":66942.8,"v":3486811.0},{"ts":"2026-02-12T08:45:00Z","o":66942.8,"h":67127.9,"l":66942.7,"c":67107.3,"v":3081738.0},{"ts":"2026-02-12T09:00:00Z","o":67107.3,"h":67199.2,"l":67012.2,"c":67158.8,"v":4088064.0},{"ts":"2026-02-12T09:15:00Z","o":67158.8,"h":67293.4,"l":67131.5,"c":67263.0,"v":4725292.0},{"ts":"2026-02-12T09:30:00Z","o":67263.0,"h":67439.1,"l":67213.7,"c":67388.6,"v":4984841.0},{"ts":"2026-02-12T09:45:00Z","o":67388.6,"h":67680.0,"l":67320.0,"c":67517.7,"v":7166002.0},{"ts":"2026-02-12T10:00:00Z","o":67517.7,"h":67597.9,"l":67449.9,"c":67539.0,"v":3838384.0},{"ts":"2026-02-12T10:15:00Z","o":67539.0,"h":67582.3,"l":67381.8,"c":67580.9,"v":4156086.0},{"ts":"2026-02-12T10:30:00Z","o":67580.9,"h":67819.7,"l":67576.1,"c":67635.9,"v":6016760.0},{"ts":"2026-02-12T10:45:00Z","o":67635.9,"h":67994.4,"l":67621.7,"c":67978.0,"v":7579276.0},{"ts":"2026-02-12T11:00:00Z","o":67978.0,"h":68090.1,"l":67707.6,"c":67874.1,"v":9286041.0},{"ts":"2026-02-12T11:15:00Z","o":67874.1,"h":68228.4,"l":67799.4,"c":68170.3,"v":8425079.0},{"ts":"2026-02-12T11:30:00Z","o":68170.3,"h":68257.9,"l":67999.9,"c":68057.0,"v":5258584.0},{"ts":"2026-02-12T11:45:00Z","o":68057.0,"h":68139.6,"l":67970.8,"c":68035.3,"v":4477328.0},{"ts":"2026-02-12T12:00:00Z","o":68035.3,"h":68125.8,"l":67850.0,"c":67988.6,"v":6176667.0},{"ts":"2026-02-12T12:15:00Z","o":67988.6,"h":68005.0,"l":67823.4,"c":67948.7,"v":4842304.0},{"ts":"2026-02-12T12:30:00Z","o":67948.7,"h":67966.9,"l":67815.6,"c":67839.8,"v":2946010.0},{"ts":"2026-02-12T12:45:00Z","o":67839.8,"h":67913.2,"l":67684.8,"c":67832.5,"v":5666483.0},{"ts":"2026-02-12T13:00:00Z","o":67832.5,"h":67853.9,"l":67646.1,"c":67814.9,"v":4619173.0},{"ts":"2026-02-12T13:15:00Z","o":67814.9,"h":68033.5,"l":67649.4,"c":67733.2,"v":8047438.0},{"ts":"2026-02-12T13:30:00Z","o":67733.2,"h":68129.0,"l":67691.5,"c":68081.4,"v":8080911.0},{"ts":"2026-02-12T13:45:00Z","o":68081.4,"h":68366.6,"l":67937.5,"c":68297.1,"v":6271594.0}]},"features":{"P_used":68319.3,"orderbook":{"topN":20,"bandPct":0.0015,"bidSumTopN":179881.0,"askSumTopN":98402.0,"bidAskRatioTopN":1.8280217881750371,"bestBid":68298.3,"bestAsk":68299.8,"spread":1.5,"spreadBps":0.21955728469114877,"nearBand":{"bidCount":20,"askCount":20,"topBidWall":{"price":68296.2,"size":101330.0},"topAskWall":{"price":68299.8,"size":10853.0}}},"orderbookHistory":{"available":true,"bidWall":{"samples":27,"persistRate":0.0,"churnRate":1.0,"sizeCv":0.7758073563878429},"askWall":{"samples":27,"persistRate":0.0,"churnRate":1.0,"sizeCv":0.6876940125545578}},"trades":{"available":true,"buyVol":54.0,"sellVol":32169.0,"buyCnt":2,"sellCnt":38,"buyVolRatio":0.0016758216180988734,"sellVolRatio":0.9983241783819011,"maxTrade":{"price":68297.1,"vol":10401.0,"T":2}},"openInterest":{"available":true,"windowSamples":25,"oiStart":575941488.0,"oiEnd":572862211.0,"oiChange":-3079277.0,"oiChangePct":-0.5346510130209616,"pxStart":68297.2,"pxEnd":68285.4,"pxChangePct":-0.017277428650080695,"leverageChaseFlag":false},"context":{"available":true,"range15m":{"hi":68366.6,"lo":67012.2,"pos01":0.9486857649143535,"lastClose":68297.1,"meanClose":67786.74},"range5m":{"hi":68366.6,"lo":67012.2,"pos01":0.9486857649143535,"lastClose":68297.1,"meanClose":67753.25000000001}}}}